3510 5812
206 560 253 630 82
714 606 719 616 .
779 575 961 628 uuarusau

206 752 374 812 sacerdotia
402 751 528 825 primum
557 751 653 808 locam
683 752 828 817 obtinent,
857 751 910 808 sed
938 762 1161 826 praeponuntur
1188 749 1245 825 ipsi
1273 749 1402 806 curatori
1434 757 1536 824 utpote

205 855 291 914 electi
314 872 372 912 non
396 854 433 911 ab
456 853 569 922 ordine,
599 852 650 910 sed
677 872 696 908 a
717 854 845 911 concilio
875 853 1046 927 prm-inciae
1070 851 1229 910 accedente
1252 852 1385 909 sortasse
1407 852 1537 909 auctori·

205 967 265 1015 tate
287 954 435 1032 praesidis
458 955 638 1030 provinciae.
683 954 838 1030 Dignitate
861 974 914 1012 eos
936 974 995 1012 non
1018 955 1142 1012 multum
1166 955 1260 1011 luisse
1283 954 1360 1012 inira
1384 962 1536 1011 senatores

207 1060 372 1116 luculenter
399 1066 525 1132 apparet
551 1057 640 1113 etiam
669 1075 707 1113 ex
736 1057 839 1131 poenis
869 1057 988 1114 inflictis
1018 1055 1129 1114 Donati
1158 1058 1354 1116 sectatoribus.
1384 1055 1537 1113 Africanis

206 1161 245 1218 ab
267 1159 403 1217 Honorio
430 1159 608 1232 imperatore
637 1155 727 1232 (Cod.
750 1159 808 1215 Th.
835 1159 882 1227 16,
899 1157 991 1223 554.
1015 1157 1081 1233 54),
1109 1178 1176 1216 nam
1205 1169 1411 1234 exaequantur
1432 1161 1472 1218 ibi
1495 1181 1538 1219 ae·

205 1272 322 1320 autores
344 1271 371 1318 ct
394 1261 594 1328 sacerdotalia,
620 1269 785 1335 sequuntur
811 1259 902 1336 longo
930 1261 1087 1317 intervallo
1110 1262 1290 1336 principales
1317 1273 1347 1321 et.
1373 1264 1538 1322 decuriones

208 1364 265 1433 rel,
293 1372 392 1421 otest
416 1363 443 1419 in
467 1362 562 1419 altera
586 1362 661 1437 lege,
689 1364 781 1419 decem
800 1366 889 1436 praemi
911 1363 1033 1420 curiales
1056 1371 1085 1420 et
1106 1363 1211 1437 reliqui
1233 1366 1405 1421 ‹lecurioaca
1448 1364 1540 1437 Quod

209 1467 234 1524 si
257 1476 336 1523 recte
354 1465 408 1520 riri
432 1463 510 1521 docti
535 1472 669 1521 statuunt
690 1464 720 1520 in
744 1464 871 1538 singulis
886 1465 1050 1540 provinciis
1073 1464 1208 1540 singulos
1233 1466 1403 1523 sacerdotes
1421 1483 1538 1523 animos

209 1576 324 1625 creatos
351 1585 418 1625 esse
446 1583 542 1640 coque
570 1565 738 1624 sacerdotio
762 1567 878 1622 t'metos
906 1564 1106 1623 sacerdotales
1135 1566 1292 1642 appellari,
1326 1586 1397 1625 casu
1424 1569 1536 1625 facturn

211 1680 265 1739 est,
293 1668 373 1743 quod
398 1668 455 1725 duo
479 1668 526 1725 hic
549 1668 720 1743 provinciae
743 1668 900 1725 universae
923 1666 1092 1724 sacerdotes
1115 1668 1145 1725 in
1168 1669 1271 1725 ordine
1295 1668 1539 1745 Thamugadensi

209 1771 406 1845 reperiuntur.

295 1871 321 1928 2.
359 1874 493 1947 staurium
513 1875 644 1946 perpetui
665 1881 889 1947 postponuntur
912 1872 1054 1940 duoriris,
1082 1882 1303 1946 anteponuntur
1333 1872 1540 1929 sacerdotibus

211 1974 494 2051 magistratibusque
517 1973 653 2032 coloniae
674 1973 798 2048 reliquis
821 1973 969 2030 omnibus.
1014 1971 1090 2031 Sunt
1113 1992 1218 2032 omnes
1241 1992 1364 2031 numero
1386 1973 1541 2042 XXXVI,

150 2137 156 2150 ‚
210 2077 377 2151 exquibus
400 2074 529 2132 XXXII
556 2072 738 2148 (um-2,
757 2075 808 2149 15)
837 2075 928 2132 alium
956 2075 1098 2133 bonorem
1122 2076 1238 2133 nullum
1261 2076 1428 2139 enuntiant,
1456 2086 1542 2151 quat·

211 2187 279 2237 tuor
300 2178 407 2253 reliqui
429 2186 549 2252 praeter
569 2176 742 2234 flamonium
766 2187 818 2234 aut
840 2185 1032 2252 patronatum
1056 2178 1199 2234 minorem
1222 2179 1331 2236 habent
1354 2176 1466 2251 (1,13)
1490 2186 1542 2234 aut

212 2280 410 2338 sacerdotium
432 2279 604 2356 provinciae
626 2277 739 2353 (1,17)
761 2287 813 2336 aut
834 2298 934 2336 curam
957 2281 1000 2336 roi
1022 2279 1161 2353 publicae
1184 2281 1227 2354 (l,
1246 2279 1297 2353 19)
1324 2289 1376 2336 aut
1398 2279 1438 2353 (si
1462 2290 1542 2337 recte

211 2383 287 2457 ridi)
309 2382 500 2439 duoviratum
523 2380 567 2457 (l,
584 2378 646 2455 22).
696 2381 823 2439 Accedit
849 2381 875 2437 is
898 2381 945 2438 cui
973 2381 1077 2439 titulus
1105 2381 1258 2439 dedicatur
1280 2393 1309 2440 et
1338 2383 1403 2457 ipsc
1425 2382 1541 2466 'flamen

211 2494 380 2560 perpetuus.
426 2481 583 2557 Singulare
611 2493 667 2547 est,
694 2483 774 2557 quod
802 2501 839 2539 ne
866 2483 902 2540 iis
929 2466 1047 2557 quidem
1075 2483 1255 2555 flaminibus,
1284 2488 1334 2558 qui
1357 2502 1416 2540 uno
1439 2482 1543 2541 ordine

212 2585 446 2662 perscribuntur,
475 2586 627 2643 flaminum
651 2592 861 2660 perpetuorum
883 2584 974 2642 index
1000 2586 1223 2660 praescribitur,
1251 2597 1282 2642 nt
1305 2587 1337 2643 fit
1364 2585 1393 2643 in
1419 2584 1542 2659 reliquis

211 2689 308 2746 tribus
336 2688 525 2744 sacerdotum
554 2686 719 2755 ordinibus,
742 2686 794 2743 sed
821 2686 948 2760 singulis
981 2686 1152 2745 hominibus
1180 2687 1378 2745 sacerdotium
1405 2687 1542 2745 adicitur.

212 2789 303 2847 Recte
336 2788 365 2845 id
399 2788 428 2845 ai
462 2789 550 2846 fallor
576 2787 792 2845 Wilmanasius
826 2789 854 2845 in
887 2788 996 2845 litteris
1029 2807 1064 2846 eo
1098 2790 1262 2857 revocarit,
1296 2789 1375 2864 quod
1403 2788 1541 2847 flamines

214 2891 342 2967 singulis
370 2890 434 2948 deis
460 2889 576 2947 divisse
599 2889 787 2965 potissimum
810 2889 920 2947 addicti
949 2898 1018 2947 aunt
1044 2909 1141 2966 neque
1168 2890 1210 2948 ita
1231 2892 1389 2966 collegium
1412 2891 1544 2948 efficiunt

216 3003 246 3050 nt
268 2992 423 3068 pontifices
446 3008 644 3067 auguresque,
671 3009 862 3065 quamquam.
890 2993 915 3048 ai
943 3001 1023 3049 recte
1050 2993 1168 3050 titulum
1197 2993 1357 3065 (edendum
1380 2991 1543 3067 aliquando

214 3095 244 3151 iu
273 3093 330 3150 rol.
355 3091 428 3148 Vlil
456 3112 483 3148 n.
501 3091 574 3165 782)
603 3092 819 3149 Wilmaansius
849 3094 992 3167 explerit,
1020 3093 1194 3168 [callepiubu
1215 3097 1367 3168 sluaa-imam
1391 3104 1544 3170 perpetuo·

214 3214 277 3252 ratu
299 3195 410 3270 Apiaae
434 3197 552 3251 trraiorr‘a
576 3193 788 3250 Valentiniano
814 3194 988 3252 Theodosio
1011 3196 1200 3269 Arcadioque
1228 3205 1356 3253 statuam
1384 3196 1543 3253 dedicavit.

216 3296 303 3370 Quod
325 3297 396 3353 olim
419 3297 601 3353 couieeimus
623 3296 844 3353 Hirschfeldius
866 3296 899 3369 (l.
922 3315 945 3353 c.
970 3317 997 3372 p.
1016 3297 1069 3373 54)
1092 3306 1121 3353 et
1143 3317 1198 3374 ego
1220 3298 1251 3354 in
1275 3298 1443 3371 municipiis
1463 3297 1545 3355 Afri·

214 3400 297 3456 canis
320 3397 456 3473 singulos
480 3398 614 3455 flamines
637 3398 797 3471 quotannis
820 3412 935 3455 creatos
959 3417 1027 3456 esse.
1049 3418 1144 3473 eoque
1166 3399 1305 3456 flamonio
1328 3418 1427 3457 annuo
1450 3400 1545 3458 lancti

214 3519 283 3557 curn
306 3500 434 3557 bonores
454 3501 530 3574 gesti
560 3499 718 3557 sacerdotii
742 3500 772 3556 iu
800 3511 972 3575 perpetuum
1003 3501 1174 3570 retinerent,
1203 3520 1254 3559 eos
1281 3501 1447 3577 appellatos
1475 3518 1545 3559 esse

216 3603 350 3659 flamines
377 3612 548 3676 perpetuos,
577 3602 655 3658 baud
681 3603 744 3659 scio
771 3621 808 3659 an
838 3601 893 3659 hoc
919 3602 1005 3659 titulo
1028 3603 1149 3659 invento
1179 3602 1367 3661 abiciendum
1390 3603 1443 3672 sit3
1473 3623 1544 3661 nam

216 3705 273 3762 nisi
296 3702 455 3761 admodum
478 3713 579 3761 tenera
602 3711 698 3760 aetate
721 3702 749 3758 id
772 3703 970 3761 sacerdotium
994 3705 1131 3765 dabatur,
1161 3705 1203 3761 ita
1229 3723 1368 3763 numerus
1391 3705 1544 3764 flaminum

215 3814 426 3882 perpetuorum
454 3806 571 3880 qualem
595 3805 642 3862 hic
666 3805 800 3863 videmus
823 3806 875 3862 vix
898 3806 974 3863 ellici
997 3808 1102 3881 potuit.
1147 3806 1222 3864 Mihi
1249 3808 1309 3864 iam
1331 3807 1426 3882 magis
1447 3807 1547 3883 placet

215 3908 251 3966 de
280 3926 340 3982 quo
369 3907 440 3965 olim
464 3924 584 3982 quoque
609 3907 738 3984 cogitavi
761 3907 803 3982 (v.
830 3909 911 3984 apud
933 3908 1166 3966 Hirschfeldium
1190 3928 1218 3983 p.
1235 3908 1289 3983 4ῖ)
1317 3908 1444 3984 singulis
1466 3908 1546 3967 divis

216 4011 351 4085 singulos
378 4008 513 4066 flatuines
539 4017 697 4084 perpetuos
726 4009 812 4067 datos
842 4028 923 4080 esae3
952 4030 1020 4068 nam
1048 4022 1145 4070 arctate
1168 4009 1335 4068 Constantii
1363 4010 1410 4068 rel
1434 4011 1547 4069 iuliani

216 4112 355 4168 videntur
376 4111 468 4169 scrisse
490 4111 551 4167 diri
575 4129 696 4168 numero
718 4111 834 4169 circiter
857 4111 1061 4186 xxwi).

300 4212 400 4270 Notae
422 4229 458 4269 ex
480 4227 520 4268 cr
544 4211 713 4288 adscriptae
739 4213 909 4270 flaminibus
936 4213 1053 4270 duabus
1081 4212 1124 4287 (1.
1140 4213 1189 4270 33.
1213 4213 1267 4287 34)
1294 4233 1360 4271 cum
1386 4213 1457 4271 alibi
1486 4232 1547 4271 non

218 4322 418 4391 compareant,
441 4315 663 4390 componendae
686 4315 822 4372 rideatur
844 4333 910 4371 eum
934 4315 1014 4371 notis
1038 4314 1189 4372 titulorum
1212 4314 1337 4373 duorum
1360 4327 1547 4392 repertorum

297 4678 320 4739 ¹)
341 4679 446 4731 Scilicet
465 4694 523 4727 eum
542 4693 566 4727 a.
588 4678 642 4726 224
661 4676 713 4726 diri
734 4677 834 4741 publice
854 4678 999 4727 colerentur
1018 4693 1123 4727 numero
1144 4680 1232 4743 viginti
1253 4676 1425 4739 (stauraci-tt
1444 4681 1468 4739 2,
1485 4680 1547 4730 2⁸ss9.

220 4771 292 4831 tuo),
313 4777 403 4834 postea
421 4778 582 4819 accesserunt
601 4770 714 4827 Dumna,
739 4770 836 4829 Maesa,
857 4769 1016 4829 Alexander,
1038 4770 1184 4821 Gordianus
1205 4771 1254 4831 111,
1276 4772 1380 4832 Decius,
1396 4771 1546 4831 Saloninus,

219 4864 361 4923 Gallienus,
383 4862 519 4921 Claudius,
540 4863 710 4922 Aurelianus,
731 4861 845 4920 Probus,
867 4861 962 4922 Carus,
983 4863 1167 4922 Numerianus,
1189 4863 1355 4912 Constantius
1369 4864 1396 4923 1,
1417 4863 1547 4923 Galerius,

219 4955 403 5006 Constantinus
417 4954 437 5013 1,
464 4962 491 5002 ut
515 4955 579 5002 flant
603 4956 714 5018 quinque
733 4961 758 5002 et
778 4954 890 5017 triginta.
929 4955 1048 5005 Aliarum
1068 4955 1228 5018 quarundam
1252 4955 1473 5004 consecrationum
1494 4969 1548 5003 me·

219 5048 328 5096 moriani
352 5047 380 5095 in
404 5046 514 5096 exilibus
540 5046 614 5095 huius
638 5047 728 5095 aetatis
751 5046 888 5096 annalibus
918 5046 1057 5096 desiderari
1082 5055 1281 5097 consentancum
1308 5055 1354 5105 cst,
1381 5061 1427 5095 nea
1455 5045 1549 5096 desunt

219 5140 263 5203 qui
282 5146 416 5203 praeterea
439 5146 506 5187 recte
531 5139 673 5187 consecrari
699 5140 838 5202 potuerint,
863 5147 890 5187 ut
914 5147 972 5188 sum
996 5140 1122 5199 Mamaea,
1149 5140 1275 5191 Gordiani
1299 5140 1397 5203 primus
1421 5138 1547 5202 alterque,

219 5232 333 5291 Tacitus,
354 5230 540 5280 Diocletianus.
