3510 5812
205 654 242 711 ad
264 655 341 711 hanc
362 652 458 728 ipsam
480 652 576 728 legem
600 651 730 728 capitum
752 652 816 710 eius
839 650 979 708 indicatio
1000 651 1195 710 demonstrat.
1239 650 1335 728 Leges
1351 661 1449 710 autem
1473 650 1531 709 sci·

203 774 269 814 mus
297 754 461 832 appellatas
487 773 554 812 esse
582 755 792 831 imperatorum
821 754 1049 812 constitutiones
1078 754 1113 813 de
1139 756 1203 813 iure
1229 752 1402 829 municipali
1436 753 1534 829 deque

204 861 325 918 civitate
355 858 493 916 Romana
520 857 632 915 viritim
666 855 862 930 tribuenda1).
906 855 1004 915 Notus
1036 864 1193 934 praeterea
1225 867 1272 915 est
1303 855 1469 914 communis
1502 856 1534 912 in

204 962 309 1038 lingua
330 959 439 1018 Latina
461 977 531 1018 usus
554 958 701 1028 vocabuli,
729 958 807 1033 quod
836 967 881 1017 est
907 959 967 1031 lex,
995 958 1033 1016 ad
1055 959 1238 1035 designanda
1265 969 1424 1035 praecepta
1445 975 1534 1034 regu·

204 1066 288 1122 lasve
310 1063 419 1138 quibus
441 1063 570 1147 collegia
591 1061 735 1120 sodalicia
757 1061 869 1136 templa
894 1062 965 1120 sana
986 1070 1114 1138 atquae
1141 1070 1210 1119 sunt
1236 1061 1343 1120 similia
1365 1061 1534 1119 utebantur.

205 1167 280 1225 Eius
304 1184 374 1224 vero
397 1164 514 1240 generis
537 1165 641 1240 legem,
664 1163 714 1221 ubi
736 1162 772 1220 de
792 1164 931 1241 vectigali
947 1163 1135 1222 metallorum
1158 1165 1267 1242 agitur,
1291 1174 1324 1221 ut
1344 1162 1423 1221 inira
1443 1181 1536 1240 appa-

205 1268 291 1340 rebit,
319 1268 414 1343 deque
441 1267 590 1325 locatione
617 1265 812 1323 conductione
840 1285 898 1324 non
926 1284 1014 1342 posse
1039 1266 1231 1325 constitutam
1254 1283 1319 1323 esse
1341 1265 1400 1324 nisi
1422 1274 1476 1322 aut
1496 1264 1536 1321 ab

206 1376 387 1447 imperatore
410 1369 486 1445 ipso,
510 1370 594 1428 cuins
617 1368 738 1426 metalla
759 1377 854 1438 erant,
877 1376 927 1425 aut
943 1388 961 1424 a
976 1378 1167 1444 procuratore
1189 1367 1386 1439 metallorum,
1410 1383 1537 1437 summo,

208 1482 240 1532 ut
262 1473 323 1530 dixi
345 1471 500 1546 probabile
519 1489 596 1540 esse,
618 1471 681 1528 eius
703 1470 891 1546 magistratu,
915 1481 1025 1528 certum
1049 1479 1103 1527 est.
1149 1467 1223 1528 Cum
1245 1489 1321 1545 qnae
1343 1469 1429 1527 initio
1451 1486 1538 1545 prae-

209 1576 321 1652 scripta
347 1574 466 1632 fuerunt
491 1574 550 1649 legi
579 1572 753 1642 interierint,
781 1593 819 1631 ex
842 1573 885 1630 eis
908 1591 983 1647 quae
1011 1581 1172 1648 supersunt
1194 1572 1340 1648 capitibus
1363 1571 1460 1647 qualis
1483 1569 1540 1628 illa

209 1679 298 1736 luerit
324 1677 441 1752 generis
468 1676 693 1733 ratiocinatione
721 1687 801 1732 certa
829 1675 997 1751 recuperari
1019 1676 1131 1750 nequit.
1175 1674 1246 1734 Non
1267 1674 1336 1732 huie
1357 1680 1456 1731 autem
1478 1691 1540 1730 me·

209 1781 282 1838 tallo
305 1786 430 1850 tantum,
458 1777 510 1835 sed
532 1778 601 1836 aliis
624 1795 743 1853 quoque
765 1777 878 1852 eisque,
906 1796 982 1853 quac
1004 1778 1069 1835 fisci
1092 1777 1220 1849 luerunt,
1248 1776 1377 1835 sortasse
1399 1775 1540 1834 omnibus

210 1868 295 1940 tales'
315 1881 410 1939 luisse
437 1880 518 1955 leges
546 1879 614 1937 inde
636 1879 759 1951 deduco,
786 1879 866 1955 quod
892 1880 923 1937 in
945 1880 1001 1937 hac
1022 1880 1091 1955 ipsa
1112 1880 1179 1956 lege
1201 1880 1246 1937 lca
1260 1881 1457 1955 ferrariamm
1479 1895 1540 1934 ms·

211 1994 343 2043 moratur
364 2002 392 2040 r.
417 1982 470 2050 34;
493 2000 557 2037 eam
581 1980 650 2039 huic
673 1981 732 2058 legi
754 1981 879 2040 similem
900 1981 995 2039 fuisse
1016 1981 1171 2057 probabile
1194 1988 1247 2040 est.

293 2084 444 2144 Universa
471 2084 530 2153 lex,
563 2083 646 2141 cuius
674 2084 785 2159 exigua
810 2083 937 2141 sortasse
964 2095 1079 2141 tantum
1106 2092 1244 2158 superest
1275 2082 1431 2160 particula,
1466 2080 1541 2156 quid

212 2188 398 2258 continuerit,
421 2205 480 2244 nou
502 2186 599 2264 magis
622 2193 703 2243 certa
729 2186 898 2244 coniectura
920 2186 1041 2260 assequi
1062 2186 1141 2257 licet,
1168 2202 1258 2259 quam
1284 2185 1364 2261 quali
1387 2204 1423 2242 ea
1444 2184 1543 2242 forma

212 2292 309 2351 fuerit.
353 2290 430 2347 Illud
452 2297 551 2347 autem
574 2296 707 2363 apparet,
734 2287 765 2345 in
791 2288 937 2363 capitibus
964 2291 1028 2345 eius
1050 2306 1127 2363 quae
1149 2297 1309 2363 supersunt
1329 2305 1424 2363 paene
1446 2286 1543 2344 omni·

213 2396 269 2453 bns
297 2393 345 2471 agi
372 2391 408 2449 de
434 2392 584 2450 locatione
610 2390 806 2449 conductione
833 2409 933 2449 rerum
955 2389 1179 2464 officiorumque
1201 2389 1400 2448 diversissimi
1422 2390 1543 2465 generis

213 2517 231 2554 a
253 2503 446 2574 procuratore
468 2493 656 2552 metallorum
678 2493 868 2551 instituenda.
913 2490 1003 2551 Certe
1029 2492 1093 2549 eius
1116 2492 1233 2567 generis
1257 2499 1416 2568 praecepta
1438 2502 1542 2568 potue·
1607 2531 1611 2539 ·

214 2608 283 2657 runt
310 2598 465 2675 proposita
492 2615 558 2655 esse
580 2596 646 2671 lege
673 2595 806 2653 edictove
834 2593 979 2671 singulari
1002 2592 1039 2652 de
1061 2594 1256 2652 conductione
1278 2593 1438 2652 locatione.
1481 2593 1544 2652 Ta·

213 2721 280 2761 men
303 2700 399 2775 magis
422 2698 577 2776 probabile
600 2706 647 2756 est
668 2697 781 2756 inserta
807 2715 843 2753 ea
864 2695 957 2755 fuisse
983 2695 1043 2773 legi
1066 2695 1155 2754 alicui
1177 2696 1332 2753 universae
1355 2697 1477 2755 metallo
1500 2696 1544 2754 illi

214 2802 395 2879 Vipascensi
417 2801 523 2872 dictae,
552 2818 612 2875 qua
633 2799 851 2857 administratio
881 2816 1013 2874 ususque
1036 2799 1100 2856 eins
1128 2797 1277 2856 tralaticio
1300 2807 1371 2874 pnto
1394 2817 1475 2856 more
1497 2818 1544 2856 re·

216 2905 369 2982 gebantur.
413 2902 488 2959 Eam
517 2902 642 2959 indicari
664 2920 692 2959 v.
717 2900 755 2958 59
786 2918 878 2975 supra
903 2900 962 2958 iam
989 2900 1052 2958 dixi
1079 2899 1233 2976 probabile
1260 2918 1337 2959 esse.
1381 2901 1415 2959 In
1436 2918 1545 2958 novem

216 3016 315 3065 autem
342 3004 419 3079 legis
446 3004 604 3079 capitibus,
637 3020 764 3077 quorum
792 3002 895 3059 titulos
922 3002 1003 3060 infra
1031 3002 1196 3077 composui,
1230 3003 1351 3079 negotia
1383 3012 1412 3058 et
1445 3002 1547 3060 officia

217 3115 427 3167 enumerantur
448 3125 493 3177 ea,
523 3123 599 3181 quae
622 3103 770 3162 credenda
791 3114 862 3161 sunt
883 3104 995 3162 metalli
1019 3105 1149 3177 domino,
1176 3104 1276 3163 idest
1298 3104 1469 3181 imperatori
1492 3105 1545 3162 fis·

218 3229 291 3268 cova
312 3209 387 3278 eius,
415 3208 480 3266 iure
501 3212 655 3265 reservata
681 3206 784 3264 fuisse.
828 3204 875 3263 Ila
897 3215 1073 3281 procurator
1095 3206 1282 3265 metallorum
1312 3206 1545 3266 conductoribus

217 3312 338 3370 locabat
358 3311 410 3382 ita,
440 3319 472 3368 ut
498 3309 672 3386 pensionem
698 3309 741 3366 illi
768 3307 841 3366 fisco
865 3308 1015 3367 solverent
1042 3327 1178 3367 annnam.
1222 3306 1323 3366 Unum
1346 3316 1435 3383 capnt
1456 3308 1547 3367 brere

217 3414 297 3491 quod
321 3422 366 3471 est
389 3412 508 3471 deludi
535 3411 688 3489 magistris
714 3410 920 3469 conductionis
942 3411 1102 3470 locationis
1121 3418 1313 3487 praeceptum
1335 3427 1394 3467 nou
1416 3409 1548 3468 continet

218 3535 314 3592 neque
337 3516 429 3573 ullam
451 3515 539 3573 huius
566 3514 678 3591 negotii
701 3512 860 3572 exercendi
881 3531 974 3571 causa
994 3517 1170 3590 pensionem
1192 3511 1265 3569 fisco
1287 3510 1458 3570 solvendam
1481 3528 1548 3570 esse

219 3618 374 3695 praecipit.
418 3614 576 3692 Capitibus
606 3624 703 3675 autem
734 3634 840 3673 novem
869 3615 1006 3687 servatis,
1029 3632 1106 3690 quae
1128 3613 1281 3672 brevitatis
1303 3632 1394 3672 causa
1415 3614 1550 3672 numeris

224 3719 377 3797 distingne
400 3719 430 3777 in
452 3720 519 3796 ipsa
539 3720 614 3795 lege,
638 3727 669 3775 ut
691 3717 766 3788 dixi,
788 3735 848 3775 non
869 3716 1041 3792 adscriptis,
1064 3717 1095 3775 hi
1118 3715 1281 3792 praepositi
1304 3724 1374 3774 sunt
1395 3715 1487 3774 tituli:

325 3823 339 3880 Ι
362 3826 527 3880 centesimae
549 3823 730 3896 argentariae
751 3819 945 3896 stipulationis

311 3926 341 3984 ΙΙ
363 3928 524 4001 scripturae
542 3927 690 3999 praeconii

295 4029 341 4087 ΙΙΙ
363 4029 470 4085 balinei
484 4027 606 4102 fruendi

296 4130 340 4189 IV
362 4133 466 4188 sutrini

313 4232 496 4290 Vtoastrirti

296 4334 341 4393 VI
365 4336 546 4393 tabernarum
560 4333 754 4408 sollertiorem

279 4439 342 4497 VII
365 4441 525 4512 scripturae
547 4439 758 4494 scaararr'orurn
781 4442 807 4491 ct
828 4436 1008 4493 tectoriorum

266 4539 343 4598 VIII
367 4540 428 4596 ludi
449 4541 579 4613 mapistri

295 4642 342 4699 IX
366 4644 563 4716 asrrrpatioaes
582 4649 730 4716 puteorum
752 4643 811 4698 cire
828 4642 1028 4715 pittacicrr'um

227 4741 376 4816 Quattuor
398 4743 503 4801 horum
526 4741 680 4800 titulorum
703 4741 766 4816 (111
789 4741 834 4799 IV
850 4741 877 4797 V
902 4741 957 4817 Vl)
981 4742 1082 4817 possis
1104 4751 1208 4816 putare
1231 4743 1369 4819 genetivo
1391 4761 1463 4800 casn
1484 4761 1553 4819 pro-

227 4846 297 4903 ferri
320 4853 371 4902 ant
393 4846 436 4902 ita
450 4845 640 4920 explicando,
660 4854 692 4903 ut
712 4844 902 4920 intellegatur
916 4843 1073 4903 conductio
1096 4843 1206 4901 locatio
1220 4844 1333 4903 balinei
1354 4844 1480 4917 fruendi,
1504 4863 1553 4904 su·

304 5085 327 5146 ¹)
366 5086 433 5136 Vide
453 5100 518 5151 qnae
542 5102 573 5136 ea
599 5088 631 5138 ds
649 5104 677 5137 re
696 5087 911 5138 Mommscnus
935 5087 1056 5152 exposuit
1075 5087 1103 5137 in
1122 5089 1307 5137 commentario
1327 5088 1361 5137 ad
1380 5089 1449 5154 leges
1468 5089 1555 5139 Mala·

228 5179 339 5228 citsnam
358 5187 383 5229 et
396 5179 582 5243 Salpensanam
600 5196 626 5244 p.
641 5179 694 5231 390
705 5197 739 5230 ss.
759 5181 870 5245 itemque
889 5180 916 5230 in
936 5179 1033 5231 enchir.
1052 5179 1115 5265 iuris
1134 5179 1229 5245 publici
1243 5179 1355 5232 Romani
1368 5182 1396 5232 11
1415 5197 1440 5247 p.
1455 5181 1555 5232 328ss.
