3510 5812
212 506 284 578 228
799 524 944 576 ussssu

207 699 318 772 tonius,
340 699 391 756 diu
412 699 597 774 multumque
619 700 866 775 tergiversatum)
890 716 967 756 anno
991 696 1109 755 demum
1132 695 1193 753 714
1218 696 1393 774 inaugurari
1416 714 1450 756 se
1471 713 1543 775 pas-

208 819 259 860 sus
282 798 370 876 est2).
415 801 540 859 Antonii
570 802 679 859 mortui
708 801 749 876 (a.
773 799 848 876 725)
874 800 905 856 in
932 799 1028 857 locum
1060 818 1130 857 num
1153 798 1221 874 quis
1243 796 1385 857 suffectus
1406 797 1457 871 sit,
1479 818 1543 858 non

207 903 347 972 traditum
371 902 498 962 sortasse
522 921 600 960 anno
623 903 741 961 demum
766 901 825 960 742
843 903 998 979 Angustus
1021 920 1087 959 cum
1110 900 1245 976 pontifex
1267 900 1419 959 maximus
1439 900 1544 960 lectus

207 1018 253 1063 est
274 1005 343 1063 divo
365 1006 444 1081 patri
461 1005 607 1063 flaminem
631 1006 753 1063 creavit.
798 1003 969 1062 Flaminum
991 1003 1177 1061 Iulianorum
1200 1002 1340 1080 exempla
1361 1003 1391 1061 iu
1412 1003 1544 1081 inscrip-

207 1107 339 1166 tionibus
356 1108 412 1166 sub
430 1104 558 1165 Claudio
574 1117 603 1164 et
625 1108 679 1165 sub
694 1106 860 1166 Commodo
882 1105 1010 1164 inveniri
1032 1123 1126 1180 supra
1146 1103 1409 1180 praevidimus.
1452 1102 1544 1164 Unus

207 1220 321 1267 tantum
345 1219 414 1284 post
436 1207 598 1268 Caesarem
619 1209 824 1267 Romanorum
847 1208 1015 1284 principum
1037 1207 1074 1264 de
1097 1206 1215 1267 flamine
1237 1207 1296 1265 sibi
1319 1207 1390 1265 vivo
1411 1206 1545 1266 mando

207 1311 358 1387 cogitasse
381 1312 507 1383 dieitur‚'
520 1309 753 1386 Commodus³);
776 1329 957 1386 quamquam
980 1311 1054 1367 haee
1075 1327 1194 1386 quoque
1216 1327 1265 1367 res
1280 1316 1399 1367 mortno
1421 1309 1544 1367 demum

208 1411 375 1472 Commodo
402 1424 431 1471 et
458 1421 632 1472 consecrato
654 1412 785 1490 perlecta
807 1430 874 1470 csse
903 1412 1029 1470 videtur.
1074 1409 1260 1488 Scriptorum
1283 1422 1383 1469 autem
1405 1412 1547 1471 testimo·

207 1515 266 1573 niis
293 1523 410 1590 praeter
436 1514 536 1572 dirum
564 1514 674 1572 lulium
703 1516 837 1572 flamines
865 1514 1044 1573 constitutos
1074 1531 1142 1571 csse
1164 1521 1282 1572 constat
1301 1510 1454 1589 Nervae⁴)
1478 1510 1547 1571 Hs·

208 1616 347 1692 drian05)
370 1617 523 1675 Antonino
544 1616 636 1692 Piofl)
658 1615 773 1692 Verol)
796 1616 932 1692 Marco⁸)
961 1613 1158 1691 Commodo⁹)
1185 1615 1395 1691 Pertinaci¹⁰).
1436 1615 1476 1674 In
1499 1616 1546 1673 in·

208 1719 421 1795 scriptionibus
445 1719 585 1794 exempla
608 1719 800 1777 inveniuntur
821 1720 975 1777 flaminum
998 1717 1058 1775 diri
1080 1716 1199 1792 Iulii¹¹)
1219 1712 1398 1794 Augusti¹²)
1420 1714 1546 1776 Claudii

207 1820 331 1879 Traiani
354 1819 569 1894 Commodi13).
613 1821 682 1880 Non
706 1832 823 1880 constat
845 1822 881 1879 dc
897 1820 1089 1897 Vespasiano
1109 1819 1179 1877 Tito
1200 1816 1311 1879 Severo
1319 1818 1359 1895 1⁴)
1380 1816 1546 1878 Caracalla

207 1922 391 1981 Alexandro.
436 1919 496 1981 Sed
525 1923 580 1980 hos
608 1942 729 2000 quoque
756 1935 824 1999 post
849 1923 1103 1981 consecrationem
1130 1921 1300 1981 flaminibus
1329 1938 1395 1981 esse
1416 1930 1546 1981 ornatos

207 2025 270 2082 veri
293 2025 388 2084 simile
411 2024 543 2096 videtum
572 2025 657 2083 casui
680 2025 757 2083 enim
787 2025 875 2082 tribui
906 2034 1006 2101 potest
1027 2025 1107 2101 quod
1129 2024 1244 2083 nullum
1267 2024 1304 2083 de
1325 2024 1437 2083 haere
1458 2010 1548 2083 ex'tat

208 2127 421 2185 testimoninm.
467 2125 581 2185 Contra
596 2146 691 2203 neque
713 2128 740 2185 ci
757 2127 818 2203 qui,
841 2146 906 2185 cnm
929 2128 986 2204 ipsi
1001 2128 1197 2203 imperatores
1217 2145 1277 2185 non
1299 2125 1420 2198 suerint,
1441 2133 1546 2185 tamen

207 2229 384 2288 iudeorum
407 2248 560 2287 numerum
587 2230 673 2287 relati
696 2240 766 2288 sunt
792 2230 1004 2305 imperatorum
1031 2238 1134 2305 patres
1155 2229 1270 2306 filiique
1285 2262 1324 2271 -
1340 2228 1441 2287 dirum
1465 2225 1546 2287 Cae·

208 2348 305 2390 sarem
329 2331 493 2390 Domitiani
521 2331 616 2389 filium
644 2339 673 2389 et
700 2332 801 2389 divum
832 2330 996 2390 Traianum
1024 2340 1139 2409 patrem
1167 2332 1288 2390 dieo-
1303 2350 1401 2408 neque
1427 2330 1546 2389 multae

206 2434 279 2492 illae
301 2452 378 2510 quae
400 2453 438 2491 ex
461 2433 550 2491 domo
566 2434 695 2510 Augusti
711 2443 904 2493 consecratae
926 2445 996 2490 sunt
1018 2434 1146 2493 feminae
1161 2435 1330 2494 flaminibus
1352 2433 1450 2493 ornati
1472 2450 1544 2493 esse

207 2536 354 2594 ridentur.
405 2534 588 2594 Flaminicas
618 2536 649 2593 in
677 2536 821 2594 bonorem
850 2536 938 2594 divae
969 2535 1133 2595 Faustinae
1165 2536 1290 2595 maioris
1321 2546 1438 2594 creatas
1472 2550 1542 2593 esse

207 2639 392 2715 biographus
413 2637 463 2696 Pii
487 2638 547 2696 eb
570 2637 674 2708 relert3
696 2638 776 2714 qnod
798 2638 927 2697 fortasse
948 2638 985 2696 de
1008 2638 1075 2696 aliis
1097 2655 1216 2715 quoque
1237 2638 1316 2697 diris
1337 2637 1458 2697 leminis
1481 2646 1544 2695 sta·

207 2750 290 2799 tuere
311 2740 390 2798 lieet.
435 2738 525 2812 Quod
547 2748 647 2797 autem
669 2740 837 2817 complures
861 2740 997 2798 flamines
1020 2740 1090 2797 diro
1104 2738 1261 2798 Hadriano
1281 2749 1398 2800 creatos
1420 2738 1544 2799 esseio

207 2844 258 2901 vit.
296 2841 444 2899 Hadriani
467 2839 517 2909 27,
541 2839 610 2898 diro
634 2842 734 2898 blanco
756 2844 787 2899 in
810 2843 861 2899 vit.
881 2841 976 2900 Marci
1003 2842 1039 2900 18
1062 2842 1200 2919 legimus,
1223 2843 1280 2900 hac
1300 2842 1333 2900 iu
1353 2861 1387 2902 re
1409 2850 1544 2901 erratum

207 2962 274 3003 esse
296 2963 315 3001 a
336 2941 510 3018 biographis
533 2952 619 3017 puto;
644 2962 710 3000 nam
733 2943 835 3020 plnres
859 2944 909 3000 uni
932 2943 1086 3019 eidemque
1109 2944 1185 3031 diro·
1196 2944 1333 3003 flamines
1353 2940 1499 3003 ¹oontstitui
1513 2951 1545 3002 et

286 3184 309 3246 ¹)
348 3185 402 3234 Cic.
416 3185 484 3236 Phil.
500 3188 525 3247 2,
541 3186 585 3247 ta,
603 3184 667 3234 110:
688 3184 750 3251 quid
762 3186 842 3251 luitur
855 3188 957 3236 cessus!
975 3204 1021 3237 cur
1034 3204 1082 3237 non
1096 3188 1279 3253 inuuqurarisl
1297 3202 1350 3254 eqs.
1371 3188 1416 3249 13,
1432 3188 1477 3249 19,
1491 3188 1543 3238 41:

207 3282 242 3338 tu,
265 3284 298 3338 tu,
317 3278 427 3343 inquom,
450 3278 519 3327 illum
538 3276 656 3328 occidisti
672 3274 870 3343 Lupercalibus:
890 3280 968 3340 cuius,
989 3278 1059 3330 leuto
1078 3281 1257 3346 inqrntisst'nre,
1269 3278 1416 3346 flatsons‘un
1435 3295 1484 3331 eur
1500 3294 1543 3330 re·

208 3369 307 3435 liquisti
312 3370 323 3417 1

283 3458 308 3523 ²)
346 3462 414 3512 Plut.
434 3464 497 3513 Ant.
519 3462 566 3512 33:
592 3447 722 3519 ’Aurur'not
741 3458 769 3510 31
788 3449 850 3529 perui
867 3451 912 3519 ruit
932 3453 1065 3521 διαλῦσιις
1079 3499 1085 3511 .
1097 3497 1104 3511 .
1118 3498 1125 3511 .
1138 3458 1254 3534 Καίσαρι
1272 3453 1444 3535 χαριζᾷαινος
1464 3450 1548 3533 {spele

207 3545 356 3624 ἐπεδείχθη
369 3551 413 3602 τοῦ
425 3551 545 3622 προτίρου
558 3549 700 3622 Καίσαρος.
741 3556 781 3605 Cl.
801 3555 939 3605 Drumsnn
961 3559 984 3616 1,
998 3555 1062 3606 425.

284 3642 308 3706 ³)
346 3647 397 3696 vit.
413 3646 550 3697 Commodi
567 3645 613 3696 171
639 3645 704 3696 lrunc
717 3654 795 3697 tamen
810 3644 918 3697 Seuerus
931 3682 1024 3697 .....
1037 3648 1104 3697 inter
1122 3648 1182 3700 deos
1199 3648 1304 3711 rettulit,
1315 3647 1423 3714 stantiae
1439 3646 1545 3711 addito,

207 3753 278 3804 quem
295 3740 350 3805 ipse
368 3739 442 3788 ricus
460 3736 511 3787 sibi
526 3746 676 3806 parauerat,
697 3736 857 3789 Herculaneo
880 3736 1064 3791 Commodiano.

282 3830 308 3891 ⁴)
346 3832 415 3882 Pliu.
436 3846 551 3897 panegyr
572 3835 618 3882 ll:
640 3831 699 3882 licet
717 3831 787 3881 illum
807 3833 862 3881 uris
876 3831 1056 3900 puluinaribus
1066 3832 1174 3901 flumine
1192 3834 1272 3885 colus.

283 3921 308 3984 5)
346 3925 401 3974 vit.
420 3925 546 3975 Hadrian.
567 3923 615 3974 27:
641 3925 755 3992 templum
779 3925 883 3991 denique
908 3928 933 3976 ei
950 3943 1002 3993 pro
1027 3925 1159 3994 sepulchro
1182 3924 1254 3995 apud
1271 3924 1392 3977 Puteolos
1411 3927 1548 3977 constituit

207 4014 377 4077 (Antoninus)
397 4023 422 4065 et
439 4016 620 4083 quinquennale
639 4024 761 4067 certarnen
781 4024 806 4067 et
816 4016 935 4083 flamines
953 4026 978 4068 et
995 4018 1105 4070 sodales.

283 4106 307 4168 ⁶)
346 4109 409 4157 Vita
420 4108 461 4158 Pii
477 4110 525 4158 13:
546 4110 634 4159 rnerur't
651 4116 675 4158 et
686 4108 815 4174 Jlnutinern
833 4116 858 4160 et
876 4110 999 4160 circenses
1016 4117 1041 4160 et
1059 4110 1171 4178 ternplum
1187 4118 1211 4161 ei
1229 4109 1331 4162 sodales
1343 4110 1544 4163 Antoninianos.

205 4200 259 4260 vit,
280 4200 363 4249 Marci
385 4201 414 4248 7:
433 4206 458 4248 et
476 4198 612 4250 laudavere
632 4207 734 4266 uterque
753 4199 868 4262 (Marcus
887 4201 1019 4262 etvetus)
1034 4219 1085 4268 pro
1104 4205 1196 4254 rosiris
1209 4211 1309 4271 putrem
1320 4202 1501 4272 flumineusque
1519 4206 1548 4256 ei

206 4306 237 4340 ex
255 4290 382 4358 adstitibua
400 4297 424 4340 et
442 4290 543 4341 sodales
561 4308 592 4341 eu
609 4291 769 4341 amicissimis
789 4291 943 4342 Aurelianos
961 4308 1086 4343 creauere.

283 4381 307 4444 1)
345 4384 400 4432 vit.
420 4383 504 4433 Marci
525 4382 713 4450 1511111111
728 4418 824 4432 .....
838 4382 914 4432 eidem
934 4383 1025 4447 (Vero)
1045 4385 1181 4438 dedicarit.

284 4472 308 4536 ⁸)
346 4475 400 4524 Vit.
419 4475 501 4526 Marci
524 4478 571 4526 18:
592 4474 649 4526 doti
666 4473 811 4526 sacerdotes
830 4475 999 4525 Antoniniani
1016 4485 1040 4526 et
1057 4477 1160 4529 sodales
1176 4488 1200 4531 et
1211 4480 1338 4547 flamines.

282 4562 306 4628 ⁹)
345 4566 413 4616 Vide
432 4583 458 4617 a.
473 4566 499 4618 3.

281 4652 309 4718 ¹⁰)
347 4657 1020 4726 11111111.15111111Ρεντῑηαεῑερανῖβαηιειι
1041 4661 1186 4725 esisoctus.
1219 4665 1284 4715 vin
1301 4664 1391 4717 Severi
1412 4666 1428 4713 7
1434 4683 1441 4714 t
1454 4663 1544 4729 sunus

207 4746 296 4797 deinde
315 4750 452 4799 censorium
471 4749 616 4802 Pertinacis
633 4752 743 4818 t'muqt'ni
760 4750 834 4801 duxit
852 4766 952 4817 eumque
971 4753 1034 4802 inter
1052 4752 1125 4803 diros
1143 4756 1257 4805 sacrarit
1276 4755 1365 4807 addito
1376 4754 1493 4822 flamine.

281 4834 309 4900 ¹¹)
347 4856 373 4905 p.
389 4842 451 4891 225.

280 4924 309 4992 ¹²)
346 4948 373 4996 p.
386 4933 438 4981 111
459 4935 520 4983 ns.
540 4950 566 4998 p.
581 4936 635 4985 111
654 4951 680 4986 n.
695 4937 721 4987 a.
740 4951 766 5001 p.
781 4936 843 4985 115.

280 5021 311 5084 ¹³)
349 5039 375 5087 p.
391 5024 453 5073 113.
474 5026 536 5075 aas.

278 5109 309 5175 ¹⁴)
347 5112 415 5176 [Iam
439 5115 550 5165 innotuit
572 5132 605 5167 ex
631 5118 705 5168 titulo
729 5118 935 5183 Albingauneusi
964 5118 1015 5167 rol.
1038 5119 1061 5168 V
1084 5134 1110 5169 n.
1130 5123 1201 5172 ’1183
1232 5119 1262 5181 Q
1293 5119 1382 5173 l'ibius
1408 5119 1544 5189 Eqnutius

206 5202 312 5256 Priscus
326 5204 444 5273 pontifex
461 5212 487 5256 ei
496 5204 591 5271 flamen
610 5207 667 5261 dici
684 5206 780 5261 Set-eri.
819 5209 872 5260 Τπ.
885 5207 945 5272 HJ.
