<?xml version="1.0" encoding="UTF-8"?>
<!DOCTYPE html PUBLIC "-//W3C//DTD XHTML 1.0 Transitional//EN"
    "http://www.w3.org/TR/xhtml1/DTD/xhtml1-transitional.dtd">
<html xmlns="http://www.w3.org/1999/xhtml" xml:lang="en" lang="en">
 <head>
  <title>
</title>
<meta http-equiv="Content-Type" content="text/html;charset=utf-8" />
  <meta name='ocr-system' content='tesseract 3.04.00' />
  <meta name='ocr-capabilities' content='ocr_page ocr_carea ocr_par ocr_line ocrx_word'/>
</head>
<body>
  <div class='ocr_page' id='page_1' title='image "./ephemerisepigra02instgoog_0262.png"; bbox 0 0 3510 5812; ppageno 0'>
   <div class='ocr_carea' id='block_1_1' title="bbox 426 470 1478 543">
    <p class='ocr_par' dir='ltr' id='par_1_1' title="bbox 426 470 1478 543">
     <span class='ocr_line' id='line_1_1' title="bbox 426 470 1478 543; baseline -0.003 0"><span class='ocrx_word' id='word_1_1' title='bbox 426 490 591 543; x_wconf 80' lang='lat' dir='ltr'>smuocs</span> <span class='ocrx_word' id='word_1_2' title='bbox 619 491 912 543; x_wconf 81' lang='lat' dir='ltr'>ruscnmstonvu</span> <span class='ocrx_word' id='word_1_3' title='bbox 938 490 1025 542; x_wconf 83' lang='lat' dir='ltr'>som</span> <span class='ocrx_word' id='word_1_4' title='bbox 1052 490 1207 542; x_wconf 78' lang='lat' dir='ltr'>nonssr.</span> <span class='ocrx_word' id='word_1_5' title='bbox 1406 470 1478 541; x_wconf 84' lang='lat'>245</span> 
     </span>
    </p>
   </div>
   <div class='ocr_carea' id='block_1_2' title="bbox 68 662 1491 5117">
    <p class='ocr_par' dir='ltr' id='par_1_2' title="bbox 152 662 1481 1132">
     <span class='ocr_line' id='line_1_2' title="bbox 234 662 1479 741; baseline -0.001 -18"><span class='ocrx_word' id='word_1_6' title='bbox 234 667 271 723; x_wconf 89' lang='lat' dir='ltr'>A.</span> <span class='ocrx_word' id='word_1_7' title='bbox 290 664 368 724; x_wconf 88' lang='lat'>1813</span> <span class='ocrx_word' id='word_1_8' title='bbox 385 665 412 722; x_wconf 94' lang='lat' dir='ltr'>d.</span> <span class='ocrx_word' id='word_1_9' title='bbox 430 662 469 722; x_wconf 87' lang='lat'>23</span> <span class='ocrx_word' id='word_1_10' title='bbox 484 664 573 723; x_wconf 87' lang='lat' dir='ltr'>Mart.</span> <span class='ocrx_word' id='word_1_11' title='bbox 596 664 753 724; x_wconf 84' lang='lat' dir='ltr'>eruderate</span> <span class='ocrx_word' id='word_1_12' title='bbox 767 665 849 722; x_wconf 90' lang='lat' dir='ltr'>basis</span> <span class='ocrx_word' id='word_1_13' title='bbox 872 665 1028 723; x_wconf 82' lang='lat' dir='ltr'><strong>columnae</strong></span> <span class='ocrx_word' id='word_1_14' title='bbox 1043 662 1143 722; x_wconf 85' lang='lat' dir='ltr'>Focae</span> <span class='ocrx_word' id='word_1_15' title='bbox 1165 662 1209 737; x_wconf 86' lang='lat' dir='ltr'>(n.</span> <span class='ocrx_word' id='word_1_16' title='bbox 1228 662 1309 738; x_wconf 81' lang='lat'>134).</span> <span class='ocrx_word' id='word_1_17' title='bbox 1353 664 1479 741; x_wconf 90' lang='lat' dir='ltr'>inscrip-</span> 
     </span>
     <span class='ocr_line' id='line_1_3' title="bbox 152 765 1480 843; baseline -0.001 -17"><span class='ocrx_word' id='word_1_18' title='bbox 152 769 266 826; x_wconf 84' lang='lat' dir='ltr'>tionum</span> <span class='ocrx_word' id='word_1_19' title='bbox 289 785 366 843; x_wconf 93' lang='lat' dir='ltr'>quae</span> <span class='ocrx_word' id='word_1_20' title='bbox 388 785 465 825; x_wconf 91' lang='lat' dir='ltr'>nunc</span> <span class='ocrx_word' id='word_1_21' title='bbox 487 784 605 842; x_wconf 90' lang='lat' dir='ltr'>quoque</span> <span class='ocrx_word' id='word_1_22' title='bbox 627 768 669 825; x_wconf 89' lang='lat' dir='ltr'>ibi</span> <span class='ocrx_word' id='word_1_23' title='bbox 692 774 796 825; x_wconf 82' lang='lat' dir='ltr'>extent</span> <span class='ocrx_word' id='word_1_24' title='bbox 818 785 953 843; x_wconf 90' lang='lat' dir='ltr'>quasque</span> <span class='ocrx_word' id='word_1_25' title='bbox 982 766 1037 825; x_wconf 91' lang='lat' dir='ltr'>sub</span> <span class='ocrx_word' id='word_1_26' title='bbox 1059 766 1129 823; x_wconf 89' lang='lat' dir='ltr'>divo</span> <span class='ocrx_word' id='word_1_27' title='bbox 1151 765 1289 823; x_wconf 82' lang='lat' dir='ltr'>extitisse</span> <span class='ocrx_word' id='word_1_28' title='bbox 1311 783 1364 841; x_wconf 90' lang='lat' dir='ltr'>per</span> <span class='ocrx_word' id='word_1_29' title='bbox 1385 784 1480 825; x_wconf 89' lang='lat' dir='ltr'>annos</span> 
     </span>
     <span class='ocr_line' id='line_1_4' title="bbox 152 866 1480 944; baseline -0.002 -16"><span class='ocrx_word' id='word_1_30' title='bbox 152 870 264 928; x_wconf 86' lang='lat' dir='ltr'>multos</span> <span class='ocrx_word' id='word_1_31' title='bbox 286 870 371 928; x_wconf 88' lang='lat' dir='ltr'>color</span> <span class='ocrx_word' id='word_1_32' title='bbox 392 869 457 944; x_wconf 92' lang='lat' dir='ltr'>ipse</span> <span class='ocrx_word' id='word_1_33' title='bbox 478 868 613 944; x_wconf 86' lang='lat' dir='ltr'>lapidum</span> <span class='ocrx_word' id='word_1_34' title='bbox 635 869 757 940; x_wconf 86' lang='lat' dir='ltr'>indicat,</span> <span class='ocrx_word' id='word_1_35' title='bbox 784 877 882 927; x_wconf 89' lang='lat' dir='ltr'>utrum</span> <span class='ocrx_word' id='word_1_36' title='bbox 905 876 975 927; x_wconf 87' lang='lat' dir='ltr'>tunc</span> <span class='ocrx_word' id='word_1_37' title='bbox 997 886 1036 926; x_wconf 89' lang='lat' dir='ltr'>an</span> <span class='ocrx_word' id='word_1_38' title='bbox 1058 877 1165 944; x_wconf 87' lang='lat' dir='ltr'>postes</span> <span class='ocrx_word' id='word_1_39' title='bbox 1186 885 1232 926; x_wconf 87' lang='lat' dir='ltr'>aa.</span> <span class='ocrx_word' id='word_1_40' title='bbox 1258 866 1337 925; x_wconf 84' lang='lat'>1834</span> <span class='ocrx_word' id='word_1_41' title='bbox 1350 884 1392 925; x_wconf 89' lang='lat' dir='ltr'>ss.</span> <span class='ocrx_word' id='word_1_42' title='bbox 1436 868 1480 925; x_wconf 90' lang='lat' dir='ltr'>in·</span> 
     </span>
     <span class='ocr_line' id='line_1_5' title="bbox 153 969 1481 1048; baseline -0.002 -17"><span class='ocrx_word' id='word_1_43' title='bbox 153 972 234 1031; x_wconf 87' lang='lat' dir='ltr'>renti</span> <span class='ocrx_word' id='word_1_44' title='bbox 256 971 318 1029; x_wconf 89' lang='lat' dir='ltr'>sint</span> <span class='ocrx_word' id='word_1_45' title='bbox 338 971 379 1046; x_wconf 85' lang='lat' dir='ltr'>(v.</span> <span class='ocrx_word' id='word_1_46' title='bbox 403 989 428 1028; x_wconf 93' lang='grc'>1.</span> <span class='ocrx_word' id='word_1_47' title='bbox 451 988 477 1028; x_wconf 83' lang='grc'>1.</span> <span class='ocrx_word' id='word_1_48' title='bbox 500 969 550 1028; x_wconf 87' lang='grc'><strong>23.</strong></span> <span class='ocrx_word' id='word_1_49' title='bbox 574 969 623 1028; x_wconf 88' lang='grc'><strong>24.</strong></span> <span class='ocrx_word' id='word_1_50' title='bbox 647 969 695 1029; x_wconf 86' lang='grc'><strong>02.</strong></span> <span class='ocrx_word' id='word_1_51' title='bbox 722 969 909 1048; x_wconf 87' lang='grc'><strong>142-144)</strong></span> <span class='ocrx_word' id='word_1_52' title='bbox 937 971 1010 1028; x_wconf 89' lang='lat' dir='ltr'>mihi</span> <span class='ocrx_word' id='word_1_53' title='bbox 1036 987 1095 1028; x_wconf 89' lang='lat' dir='ltr'>non</span> <span class='ocrx_word' id='word_1_54' title='bbox 1123 969 1218 1046; x_wconf 80' lang='lat' dir='ltr'>magis</span> <span class='ocrx_word' id='word_1_55' title='bbox 1245 977 1363 1029; x_wconf 90' lang='lat' dir='ltr'>constat</span> <span class='ocrx_word' id='word_1_56' title='bbox 1390 988 1481 1045; x_wconf 90' lang='lat' dir='ltr'>quam</span> 
     </span>
     <span class='ocr_line' id='line_1_6' title="bbox 154 1070 416 1132; baseline -0.004 0"><span class='ocrx_word' id='word_1_57' title='bbox 154 1072 316 1132; x_wconf 78' lang='lat' dir='ltr'><strong>editoribus</strong></span> <span class='ocrx_word' id='word_1_58' title='bbox 339 1070 416 1132; x_wconf 84' lang='lat' dir='ltr'><strong>CIL.</strong></span> 
     </span>
    </p>

    <p class='ocr_par' dir='ltr' id='par_1_3' title="bbox 154 1172 1481 1456">
     <span class='ocr_line' id='line_1_7' title="bbox 237 1172 1481 1251; baseline -0.001 -18"><span class='ocrx_word' id='word_1_59' title='bbox 237 1176 294 1233; x_wconf 89' lang='lat' dir='ltr'>Aa.</span> <span class='ocrx_word' id='word_1_60' title='bbox 320 1173 534 1234; x_wconf 81' lang='grc'><strong>1814-1817</strong></span> <span class='ocrx_word' id='word_1_61' title='bbox 557 1173 621 1234; x_wconf 82' lang='lat' dir='ltr'>Fea</span> <span class='ocrx_word' id='word_1_62' title='bbox 647 1175 719 1250; x_wconf 93' lang='lat' dir='ltr'>quid</span> <span class='ocrx_word' id='word_1_63' title='bbox 750 1174 933 1251; x_wconf 89' lang='lat' dir='ltr'>praestiterit</span> <span class='ocrx_word' id='word_1_64' title='bbox 964 1174 996 1233; x_wconf 92' lang='lat' dir='ltr'>in</span> <span class='ocrx_word' id='word_1_65' title='bbox 1028 1174 1094 1232; x_wconf 85' lang='lat' dir='ltr'>foro</span> <span class='ocrx_word' id='word_1_66' title='bbox 1122 1173 1308 1232; x_wconf 87' lang='lat' dir='ltr'>eruderando</span> <span class='ocrx_word' id='word_1_67' title='bbox 1335 1172 1418 1248; x_wconf 89' lang='lat' dir='ltr'>(nam</span> <span class='ocrx_word' id='word_1_68' title='bbox 1445 1175 1481 1232; x_wconf 91' lang='lat' dir='ltr'>de</span> 
     </span>
     <span class='ocr_line' id='line_1_8' title="bbox 154 1275 1481 1353; baseline -0.001 -18"><span class='ocrx_word' id='word_1_69' title='bbox 154 1279 223 1337; x_wconf 89' lang='lat' dir='ltr'>aliis</span> <span class='ocrx_word' id='word_1_70' title='bbox 253 1277 329 1336; x_wconf 91' lang='lat' dir='ltr'>locis</span> <span class='ocrx_word' id='word_1_71' title='bbox 357 1276 406 1335; x_wconf 88' lang='lat' dir='ltr'>hic</span> <span class='ocrx_word' id='word_1_72' title='bbox 433 1277 580 1352; x_wconf 87' lang='lat' dir='ltr'>tacemus)</span> <span class='ocrx_word' id='word_1_73' title='bbox 605 1276 725 1336; x_wconf 87' lang='lat' dir='ltr'>adiutus</span> <span class='ocrx_word' id='word_1_74' title='bbox 758 1285 929 1336; x_wconf 86' lang='lat' dir='ltr'>exterorum</span> <span class='ocrx_word' id='word_1_75' title='bbox 957 1276 1126 1353; x_wconf 76' lang='lat' dir='ltr'>sumptibus</span> <span class='ocrx_word' id='word_1_76' title='bbox 1159 1275 1302 1352; x_wconf 87' lang='lat' dir='ltr'>exposuit</span> <span class='ocrx_word' id='word_1_77' title='bbox 1333 1275 1363 1333; x_wconf 90' lang='lat' dir='ltr'>in</span> <span class='ocrx_word' id='word_1_78' title='bbox 1395 1276 1481 1335; x_wconf 89' lang='lat' dir='ltr'>libris</span> 
     </span>
     <span class='ocr_line' id='line_1_9' title="bbox 155 1373 1481 1456; baseline 0 -20"><span class='ocrx_word' id='word_1_79' title='bbox 155 1378 308 1456; x_wconf 87' lang='lat' dir='ltr'>inscriptis</span> <span class='ocrx_word' id='word_1_80' title='bbox 328 1375 509 1437; x_wconf 80' lang='lat' dir='ltr'>‘Prodromo</span> <span class='ocrx_word' id='word_1_81' title='bbox 537 1378 567 1436; x_wconf 91' lang='lat' dir='ltr'>di</span> <span class='ocrx_word' id='word_1_82' title='bbox 590 1397 687 1436; x_wconf 85' lang='lat' dir='ltr'>nuove</span> <span class='ocrx_word' id='word_1_83' title='bbox 714 1379 919 1437; x_wconf 86' lang='lat' dir='ltr'>osservazioni</span> <span class='ocrx_word' id='word_1_84' title='bbox 943 1373 1075 1454; x_wconf 84' lang='lat'>(1816)&#39;‚</span> <span class='ocrx_word' id='word_1_85' title='bbox 1107 1374 1222 1436; x_wconf 83' lang='lat' dir='ltr'>‘Noori</span> <span class='ocrx_word' id='word_1_86' title='bbox 1244 1377 1411 1436; x_wconf 83' lang='lat' dir='ltr'>frammenti</span> <span class='ocrx_word' id='word_1_87' title='bbox 1434 1373 1481 1436; x_wconf 89' lang='lat' dir='ltr'>de’</span> 
     </span>
    </p>

    <p class='ocr_par' dir='ltr' id='par_1_4' title="bbox 68 1474 1483 2066">
     <span class='ocr_line' id='line_1_10' title="bbox 157 1474 1483 1555; baseline 0 -16"><span class='ocrx_word' id='word_1_88' title='bbox 157 1480 243 1539; x_wconf 86' lang='lat' dir='ltr'>Fasti</span> <span class='ocrx_word' id='word_1_89' title='bbox 271 1479 423 1539; x_wconf 89' lang='lat' dir='ltr'>consolari</span> <span class='ocrx_word' id='word_1_90' title='bbox 446 1475 579 1555; x_wconf 89' lang='lat'>(1820)&#39;,</span> <span class='ocrx_word' id='word_1_91' title='bbox 604 1476 741 1538; x_wconf 76' lang='lat' dir='ltr'>&#39;Variets</span> <span class='ocrx_word' id='word_1_92' title='bbox 768 1481 799 1537; x_wconf 93' lang='lat' dir='ltr'>di</span> <span class='ocrx_word' id='word_1_93' title='bbox 826 1481 936 1539; x_wconf 82' lang='lat' dir='ltr'>notizie</span> <span class='ocrx_word' id='word_1_94' title='bbox 963 1474 1096 1555; x_wconf 84' lang='lat'>(1820)’,</span> <span class='ocrx_word' id='word_1_95' title='bbox 1125 1479 1179 1538; x_wconf 90' lang='lat' dir='ltr'>sed</span> <span class='ocrx_word' id='word_1_96' title='bbox 1207 1496 1288 1537; x_wconf 90' lang='lat' dir='ltr'>more</span> <span class='ocrx_word' id='word_1_97' title='bbox 1311 1497 1382 1550; x_wconf 90' lang='lat' dir='ltr'>suo,</span> <span class='ocrx_word' id='word_1_98' title='bbox 1410 1490 1483 1539; x_wconf 84' lang='lat' dir='ltr'>uta</span> 
     </span>
     <span class='ocr_line' id='line_1_11' title="bbox 68 1559 1482 1660; baseline -0.001 -19"><span class='ocrx_word' id='word_1_99' title='bbox 68 1559 77 1575; x_wconf 54' lang='lat'>⁸</span> <span class='ocrx_word' id='word_1_100' title='bbox 157 1582 345 1660; x_wconf 79' lang='lat' dir='ltr'>publicandis</span> <span class='ocrx_word' id='word_1_101' title='bbox 372 1582 447 1640; x_wconf 84' lang='lat' dir='ltr'>actis</span> <span class='ocrx_word' id='word_1_102' title='bbox 474 1581 670 1640; x_wconf 81' lang='lat' dir='ltr'>effossionum</span> <span class='ocrx_word' id='word_1_103' title='bbox 697 1599 826 1642; x_wconf 85' lang='lat' dir='ltr'>exorsus</span> <span class='ocrx_word' id='word_1_104' title='bbox 855 1601 926 1641; x_wconf 80' lang='lat' dir='ltr'>mox</span> <span class='ocrx_word' id='word_1_105' title='bbox 948 1581 986 1640; x_wconf 85' lang='lat' dir='ltr'>ad</span> <span class='ocrx_word' id='word_1_106' title='bbox 1008 1582 1154 1659; x_wconf 81' lang='lat' dir='ltr'>gravioris</span> <span class='ocrx_word' id='word_1_107' title='bbox 1176 1582 1318 1640; x_wconf 83' lang='lat' dir='ltr'>momenti</span> <span class='ocrx_word' id='word_1_108' title='bbox 1339 1599 1388 1640; x_wconf 89' lang='lat' dir='ltr'>res</span> <span class='ocrx_word' id='word_1_109' title='bbox 1410 1601 1482 1640; x_wconf 90' lang='lat' dir='ltr'>enu-</span> 
     </span>
     <span class='ocr_line' id='line_1_12' title="bbox 155 1682 1481 1760; baseline 0 -18"><span class='ocrx_word' id='word_1_110' title='bbox 155 1684 279 1743; x_wconf 86' lang='lat' dir='ltr'>cleatius</span> <span class='ocrx_word' id='word_1_111' title='bbox 308 1683 479 1743; x_wconf 88' lang='lat' dir='ltr'>tractandas</span> <span class='ocrx_word' id='word_1_112' title='bbox 505 1690 691 1759; x_wconf 82' lang='lat' dir='ltr'>evagaretur.</span> <span class='ocrx_word' id='word_1_113' title='bbox 739 1683 868 1743; x_wconf 88' lang='lat' dir='ltr'>breviter</span> <span class='ocrx_word' id='word_1_114' title='bbox 894 1703 955 1742; x_wconf 87' lang='lat' dir='ltr'>rem</span> <span class='ocrx_word' id='word_1_115' title='bbox 983 1683 1079 1760; x_wconf 86' lang='lat' dir='ltr'>tetigit</span> <span class='ocrx_word' id='word_1_116' title='bbox 1104 1682 1206 1760; x_wconf 89' lang='lat' dir='ltr'>Nibby</span> <span class='ocrx_word' id='word_1_117' title='bbox 1233 1684 1252 1742; x_wconf 92' lang='lat' dir='ltr'>l.</span> <span class='ocrx_word' id='word_1_118' title='bbox 1280 1682 1318 1741; x_wconf 89' lang='lat' dir='ltr'>ad</span> <span class='ocrx_word' id='word_1_119' title='bbox 1346 1704 1373 1741; x_wconf 80' lang='lat' dir='ltr'>a.</span> <span class='ocrx_word' id='word_1_120' title='bbox 1404 1685 1481 1743; x_wconf 86' lang='grc'><strong>1803</strong></span> 
     </span>
     <span class='ocr_line' id='line_1_13' title="bbox 155 1785 1483 1862; baseline 0 -19"><span class='ocrx_word' id='word_1_121' title='bbox 155 1787 255 1844; x_wconf 86' lang='grc'><strong>111111.</strong></span> <span class='ocrx_word' id='word_1_122' title='bbox 300 1786 388 1846; x_wconf 86' lang='lat' dir='ltr'>audio</span> <span class='ocrx_word' id='word_1_123' title='bbox 417 1803 502 1860; x_wconf 88' lang='lat' dir='ltr'>spem</span> <span class='ocrx_word' id='word_1_124' title='bbox 528 1802 594 1842; x_wconf 89' lang='lat' dir='ltr'>esse</span> <span class='ocrx_word' id='word_1_125' title='bbox 621 1785 685 1844; x_wconf 84' lang='lat' dir='ltr'>fore</span> <span class='ocrx_word' id='word_1_126' title='bbox 712 1794 746 1843; x_wconf 93' lang='lat' dir='ltr'>ut</span> <span class='ocrx_word' id='word_1_127' title='bbox 773 1794 841 1844; x_wconf 84' lang='lat' dir='ltr'>acta</span> <span class='ocrx_word' id='word_1_128' title='bbox 863 1787 929 1861; x_wconf 86' lang='lat' dir='ltr'>ipsa</span> <span class='ocrx_word' id='word_1_129' title='bbox 956 1786 1019 1845; x_wconf 86' lang='lat' dir='ltr'>sive</span> <span class='ocrx_word' id='word_1_130' title='bbox 1042 1786 1169 1844; x_wconf 83' lang='lat' dir='ltr'>schedae</span> <span class='ocrx_word' id='word_1_131' title='bbox 1191 1786 1254 1844; x_wconf 86' lang='lat' dir='ltr'>eius</span> <span class='ocrx_word' id='word_1_132' title='bbox 1277 1785 1409 1862; x_wconf 86' lang='lat' dir='ltr'>integrae</span> <span class='ocrx_word' id='word_1_133' title='bbox 1430 1786 1483 1844; x_wconf 90' lang='lat' dir='ltr'>ali-</span> 
     </span>
     <span class='ocr_line' id='line_1_14' title="bbox 158 1886 1482 1965; baseline 0.001 -21"><span class='ocrx_word' id='word_1_134' title='bbox 158 1887 278 1964; x_wconf 90' lang='lat' dir='ltr'>quando</span> <span class='ocrx_word' id='word_1_135' title='bbox 298 1888 330 1945; x_wconf 92' lang='lat' dir='ltr'>in</span> <span class='ocrx_word' id='word_1_136' title='bbox 351 1887 449 1946; x_wconf 91' lang='lat' dir='ltr'>lucem</span> <span class='ocrx_word' id='word_1_137' title='bbox 469 1886 653 1965; x_wconf 84' lang='lat' dir='ltr'>evolgentur.</span> <span class='ocrx_word' id='word_1_138' title='bbox 696 1887 814 1946; x_wconf 90' lang='lat' dir='ltr'>iuterim</span> <span class='ocrx_word' id='word_1_139' title='bbox 836 1889 879 1947; x_wconf 92' lang='lat' dir='ltr'>eis</span> <span class='ocrx_word' id='word_1_140' title='bbox 902 1887 1044 1946; x_wconf 87' lang='lat' dir='ltr'>utendum</span> <span class='ocrx_word' id='word_1_141' title='bbox 1064 1905 1141 1963; x_wconf 88' lang='lat' dir='ltr'>quae</span> <span class='ocrx_word' id='word_1_142' title='bbox 1162 1907 1216 1964; x_wconf 89' lang='lat' dir='ltr'>per</span> <span class='ocrx_word' id='word_1_143' title='bbox 1238 1887 1306 1946; x_wconf 91' lang='lat' dir='ltr'>illos</span> <span class='ocrx_word' id='word_1_144' title='bbox 1321 1903 1397 1962; x_wconf 88' lang='lat' dir='ltr'>quos</span> <span class='ocrx_word' id='word_1_145' title='bbox 1420 1888 1482 1946; x_wconf 82' lang='lat' dir='ltr'>dixi</span> 
     </span>
     <span class='ocr_line' id='line_1_15' title="bbox 153 1989 478 2066; baseline 0 -19"><span class='ocrx_word' id='word_1_146' title='bbox 153 1989 248 2048; x_wconf 92' lang='lat' dir='ltr'>libros</span> <span class='ocrx_word' id='word_1_147' title='bbox 270 2006 377 2066; x_wconf 85' lang='lat' dir='ltr'>sparse</span> <span class='ocrx_word' id='word_1_148' title='bbox 399 1995 478 2047; x_wconf 88' lang='lat' dir='ltr'>sunt.</span> 
     </span>
    </p>

    <p class='ocr_par' dir='ltr' id='par_1_5' title="bbox 155 2089 1485 2576">
     <span class='ocr_line' id='line_1_16' title="bbox 239 2089 1484 2169; baseline 0.002 -21"><span class='ocrx_word' id='word_1_149' title='bbox 239 2092 278 2150; x_wconf 98' lang='lat' dir='ltr'>A.</span> <span class='ocrx_word' id='word_1_150' title='bbox 303 2091 382 2150; x_wconf 89' lang='grc'><strong>1816</strong></span> <span class='ocrx_word' id='word_1_151' title='bbox 405 2091 488 2167; x_wconf 88' lang='lat' dir='ltr'>(inde</span> <span class='ocrx_word' id='word_1_152' title='bbox 510 2110 537 2150; x_wconf 87' lang='grc'>1.</span> <span class='ocrx_word' id='word_1_153' title='bbox 561 2111 599 2150; x_wconf 91' lang='lat' dir='ltr'>m.</span> <span class='ocrx_word' id='word_1_154' title='bbox 622 2093 747 2169; x_wconf 80' lang='lat' dir='ltr'>Martio)</span> <span class='ocrx_word' id='word_1_155' title='bbox 775 2109 821 2168; x_wconf 93' lang='lat' dir='ltr'>sq.</span> <span class='ocrx_word' id='word_1_156' title='bbox 845 2092 948 2168; x_wconf 90' lang='lat' dir='ltr'>templi</span> <span class='ocrx_word' id='word_1_157' title='bbox 969 2089 1107 2150; x_wconf 85' lang='lat' dir='ltr'>Castoris</span> <span class='ocrx_word' id='word_1_158' title='bbox 1133 2092 1243 2166; x_wconf 81' lang='lat' dir='ltr'>gradus</span> <span class='ocrx_word' id='word_1_159' title='bbox 1270 2100 1299 2150; x_wconf 91' lang='lat' dir='ltr'>et</span> <span class='ocrx_word' id='word_1_160' title='bbox 1324 2091 1403 2150; x_wconf 87' lang='lat' dir='ltr'>latus</span> <span class='ocrx_word' id='word_1_161' title='bbox 1425 2112 1484 2150; x_wconf 90' lang='lat' dir='ltr'>me·</span> 
     </span>
     <span class='ocr_line' id='line_1_17' title="bbox 155 2192 1483 2269; baseline 0.002 -19"><span class='ocrx_word' id='word_1_162' title='bbox 155 2192 300 2252; x_wconf 89' lang='lat' dir='ltr'>ridionale</span> <span class='ocrx_word' id='word_1_163' title='bbox 322 2195 481 2252; x_wconf 79' lang='lat' dir='ltr'>eruderate</span> <span class='ocrx_word' id='word_1_164' title='bbox 502 2203 572 2253; x_wconf 90' lang='lat' dir='ltr'>sunt</span> <span class='ocrx_word' id='word_1_165' title='bbox 593 2194 634 2268; x_wconf 85' lang='lat' dir='ltr'>(v.</span> <span class='ocrx_word' id='word_1_166' title='bbox 653 2194 692 2252; x_wconf 92' lang='lat' dir='ltr'>ad</span> <span class='ocrx_word' id='word_1_167' title='bbox 708 2214 735 2252; x_wconf 91' lang='lat' dir='ltr'>n.</span> <span class='ocrx_word' id='word_1_168' title='bbox 754 2193 815 2269; x_wconf 91' lang='grc'><strong>70).</strong></span> <span class='ocrx_word' id='word_1_169' title='bbox 861 2195 965 2253; x_wconf 90' lang='lat' dir='ltr'>eodem</span> <span class='ocrx_word' id='word_1_170' title='bbox 987 2204 1122 2269; x_wconf 88' lang='lat' dir='ltr'>tempore</span> <span class='ocrx_word' id='word_1_171' title='bbox 1140 2194 1220 2252; x_wconf 88' lang='lat' dir='ltr'>circa</span> <span class='ocrx_word' id='word_1_172' title='bbox 1242 2194 1407 2251; x_wconf 85' lang='lat' dir='ltr'>columnam</span> <span class='ocrx_word' id='word_1_173' title='bbox 1423 2195 1483 2253; x_wconf 84' lang='lat' dir='ltr'>Fo-</span> 
     </span>
     <span class='ocr_line' id='line_1_18' title="bbox 155 2295 1484 2373; baseline 0.001 -20"><span class='ocrx_word' id='word_1_174' title='bbox 155 2314 209 2353; x_wconf 86' lang='lat' dir='ltr'>eae</span> <span class='ocrx_word' id='word_1_175' title='bbox 231 2296 347 2371; x_wconf 89' lang='lat' dir='ltr'>aliquot</span> <span class='ocrx_word' id='word_1_176' title='bbox 367 2297 579 2373; x_wconf 85' lang='lat' dir='ltr'>inscriptiones</span> <span class='ocrx_word' id='word_1_177' title='bbox 602 2297 736 2357; x_wconf 87' lang='lat' dir='ltr'>detectae</span> <span class='ocrx_word' id='word_1_178' title='bbox 759 2296 800 2372; x_wconf 88' lang='lat' dir='ltr'>(v.</span> <span class='ocrx_word' id='word_1_179' title='bbox 823 2298 862 2354; x_wconf 84' lang='lat' dir='ltr'>ad</span> <span class='ocrx_word' id='word_1_180' title='bbox 886 2295 944 2355; x_wconf 82' lang='lat'>135</span> <span class='ocrx_word' id='word_1_181' title='bbox 957 2296 1014 2371; x_wconf 90' lang='lat' dir='ltr'>ss.)</span> <span class='ocrx_word' id='word_1_182' title='bbox 1044 2297 1114 2354; x_wconf 89' lang='lat' dir='ltr'>item</span> <span class='ocrx_word' id='word_1_183' title='bbox 1136 2295 1248 2371; x_wconf 69' lang='lat' dir='ltr'>gradm</span> <span class='ocrx_word' id='word_1_184' title='bbox 1270 2296 1413 2355; x_wconf 85' lang='lat' dir='ltr'>basilicae</span> <span class='ocrx_word' id='word_1_185' title='bbox 1434 2298 1484 2354; x_wconf 89' lang='lat' dir='ltr'>lu·</span> 
     </span>
     <span class='ocr_line' id='line_1_19' title="bbox 156 2395 1485 2474; baseline 0.002 -20"><span class='ocrx_word' id='word_1_186' title='bbox 156 2397 215 2456; x_wconf 86' lang='lat' dir='ltr'>liae</span> <span class='ocrx_word' id='word_1_187' title='bbox 237 2406 268 2455; x_wconf 91' lang='lat' dir='ltr'>et</span> <span class='ocrx_word' id='word_1_188' title='bbox 288 2398 379 2456; x_wconf 88' lang='lat' dir='ltr'>bases</span> <span class='ocrx_word' id='word_1_189' title='bbox 405 2399 541 2474; x_wconf 86' lang='lat' dir='ltr'>ingentes</span> <span class='ocrx_word' id='word_1_190' title='bbox 563 2398 713 2457; x_wconf 80' lang='lat' dir='ltr'>latericias</span> <span class='ocrx_word' id='word_1_191' title='bbox 735 2398 825 2469; x_wconf 87' lang='lat' dir='ltr'>duae,</span> <span class='ocrx_word' id='word_1_192' title='bbox 853 2399 969 2457; x_wconf 91' lang='lat' dir='ltr'>detecta</span> <span class='ocrx_word' id='word_1_193' title='bbox 990 2399 1098 2456; x_wconf 89' lang='lat' dir='ltr'>rudera</span> <span class='ocrx_word' id='word_1_194' title='bbox 1119 2397 1202 2456; x_wconf 89' lang='lat' dir='ltr'>aedis</span> <span class='ocrx_word' id='word_1_195' title='bbox 1225 2395 1410 2456; x_wconf 85' lang='lat' dir='ltr'>Concordiae</span> <span class='ocrx_word' id='word_1_196' title='bbox 1432 2397 1485 2472; x_wconf 87' lang='lat' dir='ltr'>(ad</span> 
     </span>
     <span class='ocr_line' id='line_1_20' title="bbox 158 2498 855 2576; baseline 0 -19"><span class='ocrx_word' id='word_1_197' title='bbox 158 2519 186 2558; x_wconf 89' lang='lat' dir='ltr'>n.</span> <span class='ocrx_word' id='word_1_198' title='bbox 213 2500 247 2556; x_wconf 94' lang='grc'>11</span> <span class='ocrx_word' id='word_1_199' title='bbox 264 2499 320 2574; x_wconf 90' lang='grc'><strong>11.)</strong></span> <span class='ocrx_word' id='word_1_200' title='bbox 343 2499 472 2574; x_wconf 85' lang='lat' dir='ltr'>clivique</span> <span class='ocrx_word' id='word_1_201' title='bbox 494 2498 657 2576; x_wconf 88' lang='lat' dir='ltr'>Capitolini</span> <span class='ocrx_word' id='word_1_202' title='bbox 680 2499 767 2575; x_wconf 83' lang='lat' dir='ltr'>(Ver.</span> <span class='ocrx_word' id='word_1_203' title='bbox 791 2501 855 2576; x_wconf 86' lang='lat'><strong>65).</strong></span> 
     </span>
    </p>

    <p class='ocr_par' dir='ltr' id='par_1_6' title="bbox 156 2600 1485 2780">
     <span class='ocr_line' id='line_1_21' title="bbox 240 2600 1485 2661; baseline 0.001 -3"><span class='ocrx_word' id='word_1_204' title='bbox 240 2601 279 2658; x_wconf 91' lang='lat' dir='ltr'>A.</span> <span class='ocrx_word' id='word_1_205' title='bbox 306 2601 384 2660; x_wconf 90' lang='grc'><strong>1818</strong></span> <span class='ocrx_word' id='word_1_206' title='bbox 407 2600 506 2660; x_wconf 85' lang='lat' dir='ltr'>denuo</span> <span class='ocrx_word' id='word_1_207' title='bbox 534 2620 640 2660; x_wconf 88' lang='lat' dir='ltr'>versus</span> <span class='ocrx_word' id='word_1_208' title='bbox 667 2602 822 2661; x_wconf 75' lang='lat' dir='ltr'>basilicam</span> <span class='ocrx_word' id='word_1_209' title='bbox 848 2601 956 2660; x_wconf 91' lang='lat' dir='ltr'>Iuliam</span> <span class='ocrx_word' id='word_1_210' title='bbox 984 2614 1064 2660; x_wconf 89' lang='lat' dir='ltr'>terra</span> <span class='ocrx_word' id='word_1_211' title='bbox 1090 2611 1240 2660; x_wconf 86' lang='lat' dir='ltr'>commota</span> <span class='ocrx_word' id='word_1_212' title='bbox 1266 2601 1418 2660; x_wconf 91' lang='lat' dir='ltr'>inventum</span> <span class='ocrx_word' id='word_1_213' title='bbox 1440 2601 1485 2659; x_wconf 87' lang='lat' dir='ltr'>iu·</span> 
     </span>
     <span class='ocr_line' id='line_1_22' title="bbox 156 2701 937 2780; baseline 0.001 -20"><span class='ocrx_word' id='word_1_214' title='bbox 156 2703 254 2780; x_wconf 80' lang='lat' dir='ltr'>gentis</span> <span class='ocrx_word' id='word_1_215' title='bbox 277 2702 479 2779; x_wconf 87' lang='lat' dir='ltr'>inscriptionis</span> <span class='ocrx_word' id='word_1_216' title='bbox 502 2704 638 2779; x_wconf 90' lang='lat' dir='ltr'>publicae</span> <span class='ocrx_word' id='word_1_217' title='bbox 660 2704 819 2763; x_wconf 81' lang='lat' dir='ltr'>frustulum</span> <span class='ocrx_word' id='word_1_218' title='bbox 842 2722 870 2760; x_wconf 93' lang='lat' dir='ltr'>n.</span> <span class='ocrx_word' id='word_1_219' title='bbox 888 2701 937 2761; x_wconf 84' lang='lat'>25.</span> 
     </span>
    </p>

    <p class='ocr_par' dir='ltr' id='par_1_7' title="bbox 159 2802 1485 2983">
     <span class='ocr_line' id='line_1_23' title="bbox 241 2802 1485 2884; baseline 0.002 -22"><span class='ocrx_word' id='word_1_220' title='bbox 241 2806 279 2862; x_wconf 91' lang='lat' dir='ltr'>A.</span> <span class='ocrx_word' id='word_1_221' title='bbox 306 2802 386 2862; x_wconf 85' lang='lat'>1824</span> <span class='ocrx_word' id='word_1_222' title='bbox 417 2805 534 2882; x_wconf 85' lang='lat' dir='ltr'>legatus</span> <span class='ocrx_word' id='word_1_223' title='bbox 560 2805 829 2884; x_wconf 85' lang='lat' dir='ltr'>Francogallorum</span> <span class='ocrx_word' id='word_1_224' title='bbox 858 2803 1045 2865; x_wconf 84' lang='lat' dir='ltr'>Concordiae</span> <span class='ocrx_word' id='word_1_225' title='bbox 1076 2806 1179 2882; x_wconf 89' lang='lat' dir='ltr'>templi</span> <span class='ocrx_word' id='word_1_226' title='bbox 1211 2805 1401 2865; x_wconf 83' lang='lat' dir='ltr'>effossionem</span> <span class='ocrx_word' id='word_1_227' title='bbox 1434 2807 1485 2864; x_wconf 88' lang='lat' dir='ltr'>ab·</span> 
     </span>
     <span class='ocr_line' id='line_1_24' title="bbox 159 2906 605 2983; baseline -0.002 -17"><span class='ocrx_word' id='word_1_228' title='bbox 159 2906 288 2966; x_wconf 86' lang='lat' dir='ltr'>solvisse</span> <span class='ocrx_word' id='word_1_229' title='bbox 309 2906 403 2965; x_wconf 81' lang='lat' dir='ltr'>fertur</span> <span class='ocrx_word' id='word_1_230' title='bbox 425 2907 467 2982; x_wconf 87' lang='lat' dir='ltr'>(v.</span> <span class='ocrx_word' id='word_1_231' title='bbox 490 2929 518 2966; x_wconf 90' lang='lat' dir='ltr'>n.</span> <span class='ocrx_word' id='word_1_232' title='bbox 545 2908 605 2983; x_wconf 94' lang='grc'><strong>17).</strong></span> 
     </span>
    </p>

    <p class='ocr_par' dir='ltr' id='par_1_8' title="bbox 151 3007 1491 4388">
     <span class='ocr_line' id='line_1_25' title="bbox 242 3007 1485 3087; baseline 0.002 -21"><span class='ocrx_word' id='word_1_233' title='bbox 242 3010 280 3066; x_wconf 90' lang='grc' dir='ltr'><strong>Α.</strong></span> <span class='ocrx_word' id='word_1_234' title='bbox 307 3007 520 3069; x_wconf 75' lang='lat' dir='ltr'>last-1834.</span> <span class='ocrx_word' id='word_1_235' title='bbox 563 3008 674 3067; x_wconf 85' lang='lat' dir='ltr'>Leonis</span> <span class='ocrx_word' id='word_1_236' title='bbox 697 3009 762 3069; x_wconf 85' lang='lat' dir='ltr'>XII</span> <span class='ocrx_word' id='word_1_237' title='bbox 784 3011 870 3068; x_wconf 90' lang='lat' dir='ltr'>iussu</span> <span class='ocrx_word' id='word_1_238' title='bbox 892 3028 919 3066; x_wconf 90' lang='lat' dir='ltr'>a.</span> <span class='ocrx_word' id='word_1_239' title='bbox 944 3009 1022 3069; x_wconf 85' lang='lat'>1827</span> <span class='ocrx_word' id='word_1_240' title='bbox 1045 3009 1142 3068; x_wconf 88' lang='lat' dir='ltr'>denuo</span> <span class='ocrx_word' id='word_1_241' title='bbox 1163 3010 1244 3086; x_wconf 93' lang='lat' dir='ltr'>quod</span> <span class='ocrx_word' id='word_1_242' title='bbox 1266 3011 1342 3069; x_wconf 89' lang='lat' dir='ltr'>inter</span> <span class='ocrx_word' id='word_1_243' title='bbox 1365 3009 1485 3087; x_wconf 85' lang='lat' dir='ltr'>Capito·</span> 
     </span>
     <span class='ocr_line' id='line_1_26' title="bbox 158 3108 1484 3187; baseline 0.002 -21"><span class='ocrx_word' id='word_1_244' title='bbox 158 3109 230 3168; x_wconf 90' lang='lat' dir='ltr'>lium</span> <span class='ocrx_word' id='word_1_245' title='bbox 252 3118 282 3167; x_wconf 89' lang='lat' dir='ltr'>et</span> <span class='ocrx_word' id='word_1_246' title='bbox 304 3108 469 3168; x_wconf 86' lang='lat' dir='ltr'>Colliseum</span> <span class='ocrx_word' id='word_1_247' title='bbox 491 3111 569 3169; x_wconf 90' lang='lat' dir='ltr'>inter</span> <span class='ocrx_word' id='word_1_248' title='bbox 590 3120 636 3170; x_wconf 88' lang='lat' dir='ltr'>est</span> <span class='ocrx_word' id='word_1_249' title='bbox 657 3113 748 3170; x_wconf 86' lang='lat' dir='ltr'>effodi</span> <span class='ocrx_word' id='word_1_250' title='bbox 770 3120 924 3187; x_wconf 88' lang='lat' dir='ltr'>coeptum;</span> <span class='ocrx_word' id='word_1_251' title='bbox 945 3111 1060 3170; x_wconf 87' lang='lat' dir='ltr'>initium</span> <span class='ocrx_word' id='word_1_252' title='bbox 1084 3112 1193 3170; x_wconf 81' lang='lat' dir='ltr'>factum</span> <span class='ocrx_word' id='word_1_253' title='bbox 1216 3132 1234 3170; x_wconf 90' lang='lat' dir='ltr'>a</span> <span class='ocrx_word' id='word_1_254' title='bbox 1253 3110 1395 3183; x_wconf 86' lang='lat' dir='ltr'>Colliseo‚</span> <span class='ocrx_word' id='word_1_255' title='bbox 1417 3113 1484 3171; x_wconf 87' lang='lat' dir='ltr'>dein</span> 
     </span>
     <span class='ocr_line' id='line_1_27' title="bbox 151 3211 1486 3289; baseline 0.004 -21"><span class='ocrx_word' id='word_1_256' title='bbox 151 3215 191 3286; x_wconf 86' lang='lat' dir='ltr'>su</span> <span class='ocrx_word' id='word_1_257' title='bbox 217 3215 383 3270; x_wconf 68' lang='lat' dir='ltr'>nomismate</span> <span class='ocrx_word' id='word_1_258' title='bbox 411 3213 438 3269; x_wconf 87' lang='grc' dir='ltr'>1ο</span> <span class='ocrx_word' id='word_1_259' title='bbox 465 3213 687 3287; x_wconf 81' lang='lat' dir='ltr'>epombromento</span> <span class='ocrx_word' id='word_1_260' title='bbox 712 3216 813 3270; x_wconf 81' lang='lat' dir='ltr'>intiero</span> <span class='ocrx_word' id='word_1_261' title='bbox 837 3213 915 3272; x_wconf 81' lang='lat' dir='ltr'>della</span> <span class='ocrx_word' id='word_1_262' title='bbox 932 3212 1023 3286; x_wconf 78' lang='lat' dir='ltr'>folda</span> <span class='ocrx_word' id='word_1_263' title='bbox 1047 3211 1223 3289; x_wconf 78' lang='lat' dir='ltr'>Capitolina,</span> <span class='ocrx_word' id='word_1_264' title='bbox 1238 3216 1278 3287; x_wconf 78' lang='lat' dir='ltr'>fo</span> <span class='ocrx_word' id='word_1_265' title='bbox 1299 3216 1436 3289; x_wconf 84' lang='lat' dir='ltr'>ampliato</span> <span class='ocrx_word' id='word_1_266' title='bbox 1460 3216 1486 3273; x_wconf 87' lang='lat' dir='ltr'>lo</span> 
     </span>
     <span class='ocr_line' id='line_1_28' title="bbox 159 3311 1486 3391; baseline -0.001 -18"><span class='ocrx_word' id='word_1_267' title='bbox 159 3333 244 3373; x_wconf 80' lang='lat' dir='ltr'>scano</span> <span class='ocrx_word' id='word_1_268' title='bbox 271 3317 383 3372; x_wconf 82' lang='lat' dir='ltr'>intorno</span> <span class='ocrx_word' id='word_1_269' title='bbox 410 3313 473 3371; x_wconf 84' lang='lat' dir='ltr'>alla</span> <span class='ocrx_word' id='word_1_270' title='bbox 498 3313 619 3372; x_wconf 73' lang='lat' dir='ltr'>colorem</span> <span class='ocrx_word' id='word_1_271' title='bbox 645 3315 676 3370; x_wconf 85' lang='lat' dir='ltr'>di</span> <span class='ocrx_word' id='word_1_272' title='bbox 703 3314 783 3373; x_wconf 79' lang='lat' dir='ltr'>Foco</span> <span class='ocrx_word' id='word_1_273' title='bbox 810 3334 824 3372; x_wconf 88' lang='grc'>1</span> <span class='ocrx_word' id='word_1_274' title='bbox 843 3317 882 3388; x_wconf 81' lang='lat' dir='ltr'>su</span> <span class='ocrx_word' id='word_1_275' title='bbox 903 3317 1067 3390; x_wconf 81' lang='lat' dir='ltr'>inprandito</span> <span class='ocrx_word' id='word_1_276' title='bbox 1090 3316 1184 3391; x_wconf 82' lang='lat' dir='ltr'>quello</span> <span class='ocrx_word' id='word_1_277' title='bbox 1207 3316 1284 3374; x_wconf 86' lang='lat' dir='ltr'>della</span> <span class='ocrx_word' id='word_1_278' title='bbox 1309 3311 1486 3374; x_wconf 84' lang='lat' dir='ltr'>Grecostasi&#39;</span> 
     </span>
     <span class='ocr_line' id='line_1_29' title="bbox 159 3411 1486 3493; baseline 0.003 -21"><span class='ocrx_word' id='word_1_279' title='bbox 159 3416 192 3491; x_wconf 91' lang='lat' dir='ltr'>(i.</span> <span class='ocrx_word' id='word_1_280' title='bbox 209 3434 235 3472; x_wconf 89' lang='lat' dir='ltr'>e.</span> <span class='ocrx_word' id='word_1_281' title='bbox 258 3415 362 3492; x_wconf 85' lang='lat' dir='ltr'>templi</span> <span class='ocrx_word' id='word_1_282' title='bbox 377 3411 562 3490; x_wconf 84' lang='lat' dir='ltr'>Castorum).</span> <span class='ocrx_word' id='word_1_283' title='bbox 605 3412 707 3491; x_wconf 81' lang='lat' dir='ltr'>‘questi</span> <span class='ocrx_word' id='word_1_284' title='bbox 729 3416 822 3474; x_wconf 79' lang='lat' dir='ltr'>lavorr&#39;</span> <span class='ocrx_word' id='word_1_285' title='bbox 836 3418 981 3475; x_wconf 84' lang='lat' dir='ltr'>durarono</span> <span class='ocrx_word' id='word_1_286' title='bbox 996 3416 1067 3475; x_wconf 81' lang='lat' dir='ltr'>dcll’</span> <span class='ocrx_word' id='word_1_287' title='bbox 1081 3435 1156 3475; x_wconf 83' lang='lat' dir='ltr'>anno</span> <span class='ocrx_word' id='word_1_288' title='bbox 1171 3417 1253 3475; x_wconf 89' lang='grc'><strong>1829</strong></span> <span class='ocrx_word' id='word_1_289' title='bbox 1269 3416 1321 3493; x_wconf 82' lang='lat' dir='ltr'>fin’</span> <span class='ocrx_word' id='word_1_290' title='bbox 1343 3417 1394 3474; x_wconf 85' lang='lat' dir='ltr'>all&#39;</span> <span class='ocrx_word' id='word_1_291' title='bbox 1409 3435 1486 3476; x_wconf 83' lang='lat' dir='ltr'>anno</span> 
     </span>
     <span class='ocr_line' id='line_1_30' title="bbox 158 3512 1487 3595; baseline 0.002 -21"><span class='ocrx_word' id='word_1_292' title='bbox 158 3517 256 3576; x_wconf 76' lang='lat'>1834.-</span> <span class='ocrx_word' id='word_1_293' title='bbox 285 3520 518 3593; x_wconf 80' lang='lat' dir='ltr'>posteriorntente</span> <span class='ocrx_word' id='word_1_294' title='bbox 548 3519 645 3574; x_wconf 82' lang='lat' dir='ltr'>sonosr&#39;</span> <span class='ocrx_word' id='word_1_295' title='bbox 674 3512 832 3576; x_wconf 81' lang='lat' dir='ltr'>rallentati&#39;</span> <span class='ocrx_word' id='word_1_296' title='bbox 860 3517 977 3595; x_wconf 86' lang='lat' dir='ltr'>(Nibby</span> <span class='ocrx_word' id='word_1_297' title='bbox 997 3519 1035 3577; x_wconf 84' lang='lat' dir='ltr'>R.</span> <span class='ocrx_word' id='word_1_298' title='bbox 1057 3538 1084 3576; x_wconf 91' lang='lat' dir='ltr'>a.</span> <span class='ocrx_word' id='word_1_299' title='bbox 1104 3518 1133 3589; x_wconf 88' lang='grc'>2,</span> <span class='ocrx_word' id='word_1_300' title='bbox 1153 3519 1210 3577; x_wconf 90' lang='grc'>180</span> <span class='ocrx_word' id='word_1_301' title='bbox 1232 3519 1270 3577; x_wconf 84' lang='grc'>11.</span> <span class='ocrx_word' id='word_1_302' title='bbox 1294 3519 1369 3595; x_wconf 86' lang='grc'><strong>75),·</strong></span> <span class='ocrx_word' id='word_1_303' title='bbox 1398 3514 1487 3595; x_wconf 78' lang='lat' dir='ltr'>‘nepti</span> 
     </span>
     <span class='ocr_line' id='line_1_31' title="bbox 159 3617 1487 3696; baseline 0.002 -20"><span class='ocrx_word' id='word_1_304' title='bbox 159 3621 241 3678; x_wconf 71' lang='lat' dir='ltr'>scona⁴</span> <span class='ocrx_word' id='word_1_305' title='bbox 255 3621 328 3695; x_wconf 82' lang='lat' dir='ltr'>fatti</span> <span class='ocrx_word' id='word_1_306' title='bbox 348 3618 420 3676; x_wconf 85' lang='lat' dir='ltr'>doll’</span> <span class='ocrx_word' id='word_1_307' title='bbox 443 3617 568 3676; x_wconf 82' lang='grc'><strong>11827</strong></span> <span class='ocrx_word' id='word_1_308' title='bbox 590 3617 641 3677; x_wconf 86' lang='lat' dir='ltr'>all’</span> <span class='ocrx_word' id='word_1_309' title='bbox 664 3637 693 3677; x_wconf 85' lang='lat' dir='ltr'>a.</span> <span class='ocrx_word' id='word_1_310' title='bbox 709 3619 793 3690; x_wconf 82' lang='grc'><strong>1834,</strong></span> <span class='ocrx_word' id='word_1_311' title='bbox 816 3623 847 3676; x_wconf 84' lang='lat' dir='ltr'>ai</span> <span class='ocrx_word' id='word_1_312' title='bbox 868 3622 951 3696; x_wconf 78' lang='lat' dir='ltr'>quali</span> <span class='ocrx_word' id='word_1_313' title='bbox 973 3622 1007 3678; x_wconf 78' lang='lat' dir='ltr'>lto</span> <span class='ocrx_word' id='word_1_314' title='bbox 1029 3625 1167 3692; x_wconf 83' lang='lat' dir='ltr'>assistite,</span> <span class='ocrx_word' id='word_1_315' title='bbox 1188 3621 1272 3679; x_wconf 78' lang='lat' dir='ltr'>molto</span> <span class='ocrx_word' id='word_1_316' title='bbox 1291 3632 1398 3680; x_wconf 78' lang='lat' dir='ltr'>monete</span> <span class='ocrx_word' id='word_1_317' title='bbox 1418 3640 1487 3680; x_wconf 86' lang='lat' dir='ltr'>sono</span> 
     </span>
     <span class='ocr_line' id='line_1_32' title="bbox 161 3720 1487 3799; baseline 0.002 -21"><span class='ocrx_word' id='word_1_318' title='bbox 161 3730 232 3780; x_wconf 82' lang='lat' dir='ltr'>stote</span> <span class='ocrx_word' id='word_1_319' title='bbox 258 3730 438 3795; x_wconf 76' lang='lat' dir='ltr'>tecperto..</span> <span class='ocrx_word' id='word_1_320' title='bbox 456 3738 559 3796; x_wconf 78' lang='lat' dir='ltr'>presso</span> <span class='ocrx_word' id='word_1_321' title='bbox 586 3720 617 3777; x_wconf 88' lang='lat' dir='ltr'>la</span> <span class='ocrx_word' id='word_1_322' title='bbox 641 3721 760 3778; x_wconf 80' lang='lat' dir='ltr'>colonae</span> <span class='ocrx_word' id='word_1_323' title='bbox 788 3722 819 3778; x_wconf 85' lang='lat' dir='ltr'>di</span> <span class='ocrx_word' id='word_1_324' title='bbox 843 3721 925 3780; x_wconf 89' lang='lat' dir='ltr'>Foca</span> <span class='ocrx_word' id='word_1_325' title='bbox 952 3725 987 3781; x_wconf 84' lang='lat' dir='ltr'>ed</span> <span class='ocrx_word' id='word_1_326' title='bbox 1013 3723 1070 3780; x_wconf 84' lang='lat' dir='ltr'>alls</span> <span class='ocrx_word' id='word_1_327' title='bbox 1091 3723 1178 3797; x_wconf 83' lang='lat' dir='ltr'>salds</span> <span class='ocrx_word' id='word_1_328' title='bbox 1204 3724 1250 3780; x_wconf 80' lang='lat' dir='ltr'>del</span> <span class='ocrx_word' id='word_1_329' title='bbox 1278 3723 1487 3799; x_wconf 79' lang='lat' dir='ltr'>Campidoplio,</span> 
     </span>
     <span class='ocr_line' id='line_1_33' title="bbox 160 3822 1489 3899; baseline 0.001 -19"><span class='ocrx_word' id='word_1_330' title='bbox 160 3824 224 3880; x_wconf 83' lang='grc'><strong>1111</strong></span> <span class='ocrx_word' id='word_1_331' title='bbox 252 3842 271 3880; x_wconf 87' lang='lat' dir='ltr'>a</span> <span class='ocrx_word' id='word_1_332' title='bbox 298 3823 360 3880; x_wconf 81' lang='lat' dir='ltr'>dire</span> <span class='ocrx_word' id='word_1_333' title='bbox 383 3822 431 3880; x_wconf 83' lang='lat' dir='ltr'>nel</span> <span class='ocrx_word' id='word_1_334' title='bbox 456 3832 540 3880; x_wconf 86' lang='lat' dir='ltr'>tratto</span> <span class='ocrx_word' id='word_1_335' title='bbox 567 3839 710 3897; x_wconf 82' lang='lat' dir='ltr'>compress</span> <span class='ocrx_word' id='word_1_336' title='bbox 735 3823 809 3880; x_wconf 82' lang='lat' dir='ltr'>nelle</span> <span class='ocrx_word' id='word_1_337' title='bbox 838 3823 1016 3880; x_wconf 81' lang='lat' dir='ltr'>demolizioni</span> <span class='ocrx_word' id='word_1_338' title='bbox 1041 3825 1073 3880; x_wconf 82' lang='lat' dir='ltr'>di</span> <span class='ocrx_word' id='word_1_339' title='bbox 1092 3824 1184 3880; x_wconf 86' lang='lat' dir='ltr'>Paolo</span> <span class='ocrx_word' id='word_1_340' title='bbox 1206 3824 1264 3880; x_wconf 88' lang='grc' dir='ltr'>ΙΙΙ</span> <span class='ocrx_word' id='word_1_341' title='bbox 1282 3843 1296 3881; x_wconf 84' lang='grc'>1</span> <span class='ocrx_word' id='word_1_342' title='bbox 1315 3828 1371 3899; x_wconf 84' lang='lat' dir='ltr'>sra</span> <span class='ocrx_word' id='word_1_343' title='bbox 1398 3825 1489 3899; x_wconf 84' lang='lat' dir='ltr'>quelle</span> 
     </span>
     <span class='ocr_line' id='line_1_34' title="bbox 159 3925 1489 4000; baseline 0.001 -19"><span class='ocrx_word' id='word_1_344' title='bbox 159 3933 266 3982; x_wconf 79' lang='lat' dir='ltr'>monete</span> <span class='ocrx_word' id='word_1_345' title='bbox 297 3926 329 3982; x_wconf 84' lang='lat' dir='ltr'>dr‘</span> <span class='ocrx_word' id='word_1_346' title='bbox 360 3933 427 3983; x_wconf 80' lang='grc'><strong>11111</strong></span> <span class='ocrx_word' id='word_1_347' title='bbox 459 3925 560 4000; x_wconf 72' lang='lat' dir='ltr'>epoche</span> <span class='ocrx_word' id='word_1_348' title='bbox 593 3928 672 3982; x_wconf 63' lang='lat' dir='ltr'>vane</span> <span class='ocrx_word' id='word_1_349' title='bbox 692 3943 727 3981; x_wconf 80' lang='lat' dir='ltr'>ns</span> <span class='ocrx_word' id='word_1_350' title='bbox 752 3925 861 3999; x_wconf 83' lang='lat' dir='ltr'>surono</span> <span class='ocrx_word' id='word_1_351' title='bbox 895 3934 1002 3983; x_wconf 82' lang='grc'><strong>1111111</strong></span> <span class='ocrx_word' id='word_1_352' title='bbox 1033 3925 1077 3982; x_wconf 85' lang='grc'>111</span> <span class='ocrx_word' id='word_1_353' title='bbox 1107 3943 1187 3982; x_wconf 78' lang='lat' dir='ltr'>noros</span> <span class='ocrx_word' id='word_1_354' title='bbox 1215 3943 1229 3982; x_wconf 90' lang='grc'>1</span> <span class='ocrx_word' id='word_1_355' title='bbox 1255 3925 1320 3982; x_wconf 84' lang='lat' dir='ltr'>coll&#39;</span> <span class='ocrx_word' id='word_1_356' title='bbox 1349 3945 1432 3983; x_wconf 84' lang='lat' dir='ltr'>arma</span> <span class='ocrx_word' id='word_1_357' title='bbox 1457 3927 1489 3982; x_wconf 81' lang='lat' dir='ltr'>di</span> 
     </span>
     <span class='ocr_line' id='line_1_35' title="bbox 163 4025 1491 4103; baseline 0.001 -20"><span class='ocrx_word' id='word_1_358' title='bbox 163 4025 256 4084; x_wconf 85' lang='lat' dir='ltr'>Panlo</span> <span class='ocrx_word' id='word_1_359' title='bbox 278 4025 337 4083; x_wconf 89' lang='lat' dir='ltr'>III</span> <span class='ocrx_word' id='word_1_360' title='bbox 354 4028 395 4085; x_wconf 87' lang='lat' dir='ltr'>od</span> <span class='ocrx_word' id='word_1_361' title='bbox 421 4044 480 4083; x_wconf 81' lang='lat' dir='ltr'>uno</span> <span class='ocrx_word' id='word_1_362' title='bbox 502 4027 673 4103; x_wconf 79' lang='lat' dir='ltr'>profonditd</span> <span class='ocrx_word' id='word_1_363' title='bbox 699 4025 926 4102; x_wconf 60' lang='lat' dir='ltr'>repenardeoole</span> <span class='ocrx_word' id='word_1_364' title='bbox 953 4026 1004 4084; x_wconf 83' lang='lat' dir='ltr'>dal</span> <span class='ocrx_word' id='word_1_365' title='bbox 1024 4029 1116 4102; x_wconf 83' lang='lat' dir='ltr'>piano</span> <span class='ocrx_word' id='word_1_366' title='bbox 1142 4027 1251 4085; x_wconf 81' lang='grc'><strong>1111111</strong></span> <span class='ocrx_word' id='word_1_367' title='bbox 1277 4046 1292 4084; x_wconf 86' lang='grc'>1</span> <span class='ocrx_word' id='word_1_368' title='bbox 1317 4045 1406 4103; x_wconf 83' lang='lat' dir='ltr'>sopra</span> <span class='ocrx_word' id='word_1_369' title='bbox 1428 4031 1491 4086; x_wconf 80' lang='lat' dir='ltr'>tutti</span> 
     </span>
     <span class='ocr_line' id='line_1_36' title="bbox 162 4127 1488 4205; baseline 0.005 -22"><span class='ocrx_word' id='word_1_370' title='bbox 162 4131 276 4201; x_wconf 82' lang='lat' dir='ltr'>ipunti</span> <span class='ocrx_word' id='word_1_371' title='bbox 297 4127 371 4186; x_wconf 80' lang='lat' dir='ltr'>dello</span> <span class='ocrx_word' id='word_1_372' title='bbox 393 4146 477 4187; x_wconf 84' lang='lat' dir='ltr'>scavo</span> <span class='ocrx_word' id='word_1_373' title='bbox 500 4127 553 4204; x_wconf 90' lang='lat' dir='ltr'>(ib.</span> <span class='ocrx_word' id='word_1_374' title='bbox 572 4142 601 4204; x_wconf 88' lang='lat' dir='ltr'>p.</span> <span class='ocrx_word' id='word_1_375' title='bbox 620 4128 703 4203; x_wconf 91' lang='grc'><strong>177).</strong></span> <span class='ocrx_word' id='word_1_376' title='bbox 747 4127 970 4204; x_wconf 87' lang='lat' dir='ltr'>inscriptionem</span> <span class='ocrx_word' id='word_1_377' title='bbox 992 4149 1029 4187; x_wconf 86' lang='grc'>11</span> <span class='ocrx_word' id='word_1_378' title='bbox 1050 4135 1227 4204; x_wconf 85' lang='lat' dir='ltr'>tempestate</span> <span class='ocrx_word' id='word_1_379' title='bbox 1248 4136 1396 4205; x_wconf 88' lang='lat' dir='ltr'>repertam</span> <span class='ocrx_word' id='word_1_380' title='bbox 1418 4131 1488 4189; x_wconf 87' lang='lat' dir='ltr'>novi</span> 
     </span>
     <span class='ocr_line' id='line_1_37' title="bbox 161 4228 1488 4308; baseline 0.005 -23"><span class='ocrx_word' id='word_1_381' title='bbox 161 4245 250 4285; x_wconf 88' lang='lat' dir='ltr'>unam</span> <span class='ocrx_word' id='word_1_382' title='bbox 272 4248 301 4285; x_wconf 90' lang='lat' dir='ltr'>n.</span> <span class='ocrx_word' id='word_1_383' title='bbox 327 4228 399 4287; x_wconf 82' lang='lat'>129:</span> <span class='ocrx_word' id='word_1_384' title='bbox 422 4229 518 4288; x_wconf 85' lang='lat' dir='ltr'>ateis</span> <span class='ocrx_word' id='word_1_385' title='bbox 540 4229 616 4306; x_wconf 89' lang='lat' dir='ltr'>ipsis</span> <span class='ocrx_word' id='word_1_386' title='bbox 639 4229 725 4287; x_wconf 90' lang='lat' dir='ltr'>annis</span> <span class='ocrx_word' id='word_1_387' title='bbox 747 4229 858 4304; x_wconf 91' lang='lat' dir='ltr'>quibus</span> <span class='ocrx_word' id='word_1_388' title='bbox 884 4248 947 4288; x_wconf 88' lang='lat' dir='ltr'>rem</span> <span class='ocrx_word' id='word_1_389' title='bbox 969 4231 1174 4308; x_wconf 82' lang='lat' dir='ltr'>neglegentius</span> <span class='ocrx_word' id='word_1_390' title='bbox 1201 4230 1369 4307; x_wconf 88' lang='lat' dir='ltr'>lentiusque</span> <span class='ocrx_word' id='word_1_391' title='bbox 1391 4239 1488 4291; x_wconf 89' lang='lat' dir='ltr'>actam</span> 
     </span>
     <span class='ocr_line' id='line_1_38' title="bbox 160 4329 307 4388; baseline 0 -2"><span class='ocrx_word' id='word_1_392' title='bbox 160 4329 307 4388; x_wconf 86' lang='lat' dir='ltr'>audimus.</span> 
     </span>
    </p>

    <p class='ocr_par' dir='ltr' id='par_1_9' title="bbox 162 4431 1489 4596">
     <span class='ocr_line' id='line_1_39' title="bbox 243 4431 1489 4511; baseline 0.004 -22"><span class='ocrx_word' id='word_1_393' title='bbox 243 4433 301 4490; x_wconf 88' lang='lat' dir='ltr'>Aa.</span> <span class='ocrx_word' id='word_1_394' title='bbox 327 4431 415 4491; x_wconf 83' lang='lat'><strong>1834.</strong></span> <span class='ocrx_word' id='word_1_395' title='bbox 441 4433 521 4492; x_wconf 82' lang='grc'><strong>1835</strong></span> <span class='ocrx_word' id='word_1_396' title='bbox 553 4434 662 4509; x_wconf 88' lang='lat' dir='ltr'>reperti</span> <span class='ocrx_word' id='word_1_397' title='bbox 695 4445 767 4492; x_wconf 91' lang='lat' dir='ltr'>sunt</span> <span class='ocrx_word' id='word_1_398' title='bbox 798 4435 855 4493; x_wconf 91' lang='lat' dir='ltr'>sub</span> <span class='ocrx_word' id='word_1_399' title='bbox 877 4432 1032 4511; x_wconf 86' lang='lat' dir='ltr'>Capitolio</span> <span class='ocrx_word' id='word_1_400' title='bbox 1065 4434 1169 4493; x_wconf 88' lang='lat' dir='ltr'>titulus</span> <span class='ocrx_word' id='word_1_401' title='bbox 1197 4456 1226 4494; x_wconf 88' lang='lat' dir='ltr'>n.</span> <span class='ocrx_word' id='word_1_402' title='bbox 1247 4435 1276 4506; x_wconf 88' lang='lat'>6,</span> <span class='ocrx_word' id='word_1_403' title='bbox 1301 4437 1332 4495; x_wconf 91' lang='lat' dir='ltr'>in</span> <span class='ocrx_word' id='word_1_404' title='bbox 1362 4437 1489 4495; x_wconf 90' lang='lat' dir='ltr'>basilica</span> 
     </span>
     <span class='ocr_line' id='line_1_40' title="bbox 162 4532 1427 4596; baseline 0.006 -7"><span class='ocrx_word' id='word_1_405' title='bbox 162 4532 242 4591; x_wconf 87' lang='lat' dir='ltr'>Iulia</span> <span class='ocrx_word' id='word_1_406' title='bbox 262 4532 340 4592; x_wconf 89' lang='lat' dir='ltr'>tituli</span> <span class='ocrx_word' id='word_1_407' title='bbox 364 4533 412 4593; x_wconf 88' lang='grc'><strong>26.</strong></span> <span class='ocrx_word' id='word_1_408' title='bbox 437 4532 476 4592; x_wconf 87' lang='grc'>29</span> <span class='ocrx_word' id='word_1_409' title='bbox 499 4533 538 4592; x_wconf 89' lang='lat' dir='ltr'>ad</span> <span class='ocrx_word' id='word_1_410' title='bbox 559 4554 662 4593; x_wconf 88' lang='lat' dir='ltr'>arcum</span> <span class='ocrx_word' id='word_1_411' title='bbox 685 4532 788 4594; x_wconf 85' lang='lat' dir='ltr'>Severi</span> <span class='ocrx_word' id='word_1_412' title='bbox 811 4555 839 4594; x_wconf 91' lang='lat' dir='ltr'>n.</span> <span class='ocrx_word' id='word_1_413' title='bbox 858 4535 915 4594; x_wconf 88' lang='grc'>129</span> <span class='ocrx_word' id='word_1_414' title='bbox 940 4536 978 4593; x_wconf 85' lang='lat' dir='ltr'>ed</span> <span class='ocrx_word' id='word_1_415' title='bbox 1000 4536 1169 4595; x_wconf 85' lang='lat' dir='ltr'>columnam</span> <span class='ocrx_word' id='word_1_416' title='bbox 1191 4536 1291 4595; x_wconf 86' lang='lat' dir='ltr'>Foeae</span> <span class='ocrx_word' id='word_1_417' title='bbox 1313 4557 1342 4596; x_wconf 94' lang='lat' dir='ltr'>n.</span> <span class='ocrx_word' id='word_1_418' title='bbox 1360 4538 1427 4596; x_wconf 91' lang='grc'><strong>140.</strong></span> 
     </span>
    </p>

    <p class='ocr_par' dir='ltr' id='par_1_10' title="bbox 162 4632 1489 5117">
     <span class='ocr_line' id='line_1_41' title="bbox 246 4632 1489 4715; baseline 0.003 -20"><span class='ocrx_word' id='word_1_419' title='bbox 246 4632 307 4695; x_wconf 87' lang='lat' dir='ltr'>Sed</span> <span class='ocrx_word' id='word_1_420' title='bbox 328 4653 364 4694; x_wconf 92' lang='lat' dir='ltr'>eo</span> <span class='ocrx_word' id='word_1_421' title='bbox 386 4655 424 4695; x_wconf 89' lang='lat' dir='ltr'>ex</span> <span class='ocrx_word' id='word_1_422' title='bbox 447 4645 580 4712; x_wconf 90' lang='lat' dir='ltr'>tempore</span> <span class='ocrx_word' id='word_1_423' title='bbox 605 4637 643 4695; x_wconf 84' lang='lat' dir='ltr'>ad</span> <span class='ocrx_word' id='word_1_424' title='bbox 665 4656 775 4696; x_wconf 87' lang='lat' dir='ltr'>annum</span> <span class='ocrx_word' id='word_1_425' title='bbox 801 4655 896 4714; x_wconf 90' lang='lat' dir='ltr'>usque</span> <span class='ocrx_word' id='word_1_426' title='bbox 921 4636 999 4696; x_wconf 89' lang='grc'><strong>1872</strong></span> <span class='ocrx_word' id='word_1_427' title='bbox 1021 4639 1228 4715; x_wconf 88' lang='lat' dir='ltr'>quodcumque</span> <span class='ocrx_word' id='word_1_428' title='bbox 1250 4640 1281 4696; x_wconf 90' lang='lat' dir='ltr'>in</span> <span class='ocrx_word' id='word_1_429' title='bbox 1304 4639 1368 4697; x_wconf 82' lang='lat' dir='ltr'>loro</span> <span class='ocrx_word' id='word_1_430' title='bbox 1390 4649 1489 4699; x_wconf 87' lang='lat' dir='ltr'>actum</span> 
     </span>
     <span class='ocr_line' id='line_1_42' title="bbox 162 4737 1487 4818; baseline 0.003 -23"><span class='ocrx_word' id='word_1_431' title='bbox 162 4738 295 4795; x_wconf 85' lang='lat' dir='ltr'>instituti</span> <span class='ocrx_word' id='word_1_432' title='bbox 310 4737 404 4796; x_wconf 90' lang='lat' dir='ltr'>nostri</span> <span class='ocrx_word' id='word_1_433' title='bbox 426 4737 620 4797; x_wconf 87' lang='lat' dir='ltr'>relationibus</span> <span class='ocrx_word' id='word_1_434' title='bbox 641 4739 845 4817; x_wconf 89' lang='lat' dir='ltr'>laudabilique</span> <span class='ocrx_word' id='word_1_435' title='bbox 860 4739 1008 4798; x_wconf 89' lang='lat' dir='ltr'>sociorum</span> <span class='ocrx_word' id='word_1_436' title='bbox 1025 4741 1088 4799; x_wconf 90' lang='lat' dir='ltr'>eius</span> <span class='ocrx_word' id='word_1_437' title='bbox 1112 4751 1171 4797; x_wconf 86' lang='lat' dir='ltr'>tam</span> <span class='ocrx_word' id='word_1_438' title='bbox 1194 4759 1384 4800; x_wconf 89' lang='lat' dir='ltr'>romanorum</span> <span class='ocrx_word' id='word_1_439' title='bbox 1399 4761 1487 4818; x_wconf 89' lang='lat' dir='ltr'>quam</span> 
     </span>
     <span class='ocr_line' id='line_1_43' title="bbox 162 4840 1488 4919; baseline 0.005 -23"><span class='ocrx_word' id='word_1_440' title='bbox 162 4856 370 4914; x_wconf 74' lang='lat' dir='ltr'>germanorum</span> <span class='ocrx_word' id='word_1_441' title='bbox 397 4856 542 4897; x_wconf 88' lang='lat' dir='ltr'>concursu</span> <span class='ocrx_word' id='word_1_442' title='bbox 570 4840 681 4914; x_wconf 91' lang='lat' dir='ltr'>publici</span> <span class='ocrx_word' id='word_1_443' title='bbox 708 4841 783 4900; x_wconf 88' lang='lat' dir='ltr'>iuris</span> <span class='ocrx_word' id='word_1_444' title='bbox 805 4842 929 4913; x_wconf 89' lang='lat' dir='ltr'>factum,</span> <span class='ocrx_word' id='word_1_445' title='bbox 962 4843 1032 4901; x_wconf 88' lang='lat' dir='ltr'>licet</span> <span class='ocrx_word' id='word_1_446' title='bbox 1057 4842 1089 4900; x_wconf 91' lang='lat' dir='ltr'>in</span> <span class='ocrx_word' id='word_1_447' title='bbox 1116 4842 1164 4901; x_wconf 91' lang='lat' dir='ltr'>his</span> <span class='ocrx_word' id='word_1_448' title='bbox 1191 4861 1310 4919; x_wconf 91' lang='lat' dir='ltr'>quoque</span> <span class='ocrx_word' id='word_1_449' title='bbox 1336 4842 1488 4902; x_wconf 88' lang='lat' dir='ltr'>desideres</span> 
     </span>
     <span class='ocr_line' id='line_1_44' title="bbox 162 4940 1489 5021; baseline 0.003 -24"><span class='ocrx_word' id='word_1_450' title='bbox 162 4949 298 4999; x_wconf 88' lang='lat' dir='ltr'>actorum</span> <span class='ocrx_word' id='word_1_451' title='bbox 320 4940 493 5015; x_wconf 79' lang='lat' dir='ltr'>plenitatem</span> <span class='ocrx_word' id='word_1_452' title='bbox 515 4949 604 5016; x_wconf 88' lang='lat' dir='ltr'>atque</span> <span class='ocrx_word' id='word_1_453' title='bbox 624 4943 655 4999; x_wconf 91' lang='lat' dir='ltr'>in</span> <span class='ocrx_word' id='word_1_454' title='bbox 677 4943 808 5002; x_wconf 89' lang='lat' dir='ltr'>minimis</span> <span class='ocrx_word' id='word_1_455' title='bbox 841 4945 1069 5004; x_wconf 76' lang='lat' dir='ltr'>accurationem.</span> <span class='ocrx_word' id='word_1_456' title='bbox 1114 4962 1182 5002; x_wconf 91' lang='lat' dir='ltr'>nam</span> <span class='ocrx_word' id='word_1_457' title='bbox 1215 4945 1296 5021; x_wconf 93' lang='lat' dir='ltr'>quod</span> <span class='ocrx_word' id='word_1_458' title='bbox 1328 4962 1419 5020; x_wconf 89' lang='lat' dir='ltr'>supra</span> <span class='ocrx_word' id='word_1_459' title='bbox 1451 4944 1489 5002; x_wconf 90' lang='lat' dir='ltr'>ad</span> 
     </span>
     <span class='ocr_line' id='line_1_45' title="bbox 163 5040 1305 5117; baseline 0.006 -19"><span class='ocrx_word' id='word_1_460' title='bbox 163 5059 191 5098; x_wconf 88' lang='grc'>1.</span> <span class='ocrx_word' id='word_1_461' title='bbox 217 5040 295 5101; x_wconf 90' lang='grc'><strong>1813</strong></span> <span class='ocrx_word' id='word_1_462' title='bbox 318 5042 487 5100; x_wconf 89' lang='lat' dir='ltr'>monuimus</span> <span class='ocrx_word' id='word_1_463' title='bbox 509 5043 639 5117; x_wconf 86' lang='lat' dir='ltr'>pertinet</span> <span class='ocrx_word' id='word_1_464' title='bbox 658 5044 747 5102; x_wconf 84' lang='lat' dir='ltr'>etiam</span> <span class='ocrx_word' id='word_1_465' title='bbox 770 5044 807 5102; x_wconf 89' lang='lat' dir='ltr'>ad</span> <span class='ocrx_word' id='word_1_466' title='bbox 830 5064 875 5104; x_wconf 83' lang='grc'>11.</span> <span class='ocrx_word' id='word_1_467' title='bbox 901 5047 979 5105; x_wconf 86' lang='grc'><strong>1849</strong></span> <span class='ocrx_word' id='word_1_468' title='bbox 994 5064 1034 5105; x_wconf 89' lang='grc'>11.</span> <span class='ocrx_word' id='word_1_469' title='bbox 1058 5056 1176 5106; x_wconf 88' lang='lat' dir='ltr'>constat</span> <span class='ocrx_word' id='word_1_470' title='bbox 1197 5054 1305 5106; x_wconf 90' lang='lat' dir='ltr'>autem.</span> 
     </span>
    </p>
   </div>
   <div class='ocr_carea' id='block_1_3' title="bbox 0 0 1773 5812">
    <p class='ocr_par' dir='ltr' id='par_1_11' title="bbox 0 0 1773 5812">
     <span class='ocr_line' id='line_1_46' title="bbox 0 0 1773 5812; baseline 0 0"><span class='ocrx_word' id='word_1_471' title='bbox 0 0 1773 5812; x_wconf 95' lang='lat' dir='ltr'> </span> 
     </span>
    </p>
   </div>
  </div>
 </body>
</html>
