3510 5812
658 486 710 535 nn
738 484 911 536 correctns
938 483 1021 534 von.
1043 487 1082 534 11.
1467 469 1534 535 197

208 675 380 746 paruerunt.
424 665 532 740 ltaque
563 662 618 721 illa
649 672 729 720 certe
762 666 859 718 aetate
891 660 1041 720 civitatem
1063 659 1278 719 Vadiniensem
1310 660 1371 717 late
1403 661 1537 736 patuisse

209 767 400 829 statuendum
426 776 473 825 est
498 786 552 843 per
575 764 669 823 valles
692 763 723 821 in
746 772 871 839 utroque
893 763 1038 822 montium
1064 763 1158 821 latere
1180 768 1270 833 sitas;
1298 762 1436 821 solebant
1456 763 1536 820 enim

208 882 313 950 gentes
334 871 407 930 illae
421 869 641 946 gentilitatesve
663 867 818 945 dispersae
833 865 968 924 habitare
990 884 1044 942 per
1058 866 1142 925 vicos
1164 874 1194 923 ct
1215 883 1319 942 pagos,
1341 883 1402 923 non
1424 864 1454 922 in
1476 865 1536 923 sin·

208 974 288 1052 gulis
310 971 441 1051 oppidis.

209 1488 269 1548 AD
296 1483 562 1548 PROVINCIAE
589 1484 645 1543 ET
673 1480 930 1543 CONVENTVS
958 1479 1313 1543 TARRACONENSIS
1341 1478 1433 1540 CAP.
1459 1479 1539 1539 XllI

773 1583 991 1645 ansoldo·

293 1778 398 1835 Muros
418 1775 554 1834 coloniae
570 1772 804 1831 Barcinonensis
820 1783 937 1832 veteres
957 1792 1025 1832 cum
1039 1772 1135 1850 portis
1155 1771 1218 1830 suis
1239 1772 1429 1848 turribusque
1444 1790 1540 1848 paene

209 1881 247 1939 ad
270 1881 361 1938 hosce
376 1879 440 1936 dies
463 1877 584 1936 stetisse
606 1877 738 1954 integros
754 1877 818 1935 dixi
833 1876 864 1934 in
879 1876 1012 1935 bolletino
1027 1875 1155 1934 instituti
1171 1875 1390 1951 archaeologici
1413 1893 1439 1931 a.
1459 1875 1539 1933 1860

210 2004 240 2061 p.
257 1984 313 2042 151
328 1999 369 2040 ss.
414 1980 529 2039 Tamen
555 1979 630 2037 muri
660 1979 703 2036 illi
730 1978 833 2037 refecti
857 1979 989 2054 saepius,
1016 1988 1048 2035 ut
1069 1984 1300 2036 consentaneum
1323 1988 1379 2049 est,
1401 1998 1453 2054 per
1475 1996 1538 2036 sae·

209 2085 345 2144 culorum
361 2083 519 2141 decursum
541 2083 571 2140 in
592 2098 625 2140 se
639 2082 792 2139 continent
813 2080 928 2158 lapides
951 2081 1112 2158 inscriptos
1128 2080 1301 2158 permultos,
1324 2099 1363 2138 ex
1382 2079 1538 2157 sepulcris,

209 2205 287 2264 quae
307 2186 379 2245 olim
399 2184 437 2244 ad
452 2185 518 2244 vias
538 2185 664 2259 sportis
682 2183 860 2242 exeuntibus
880 2182 1007 2256 fuerant,
1030 2183 1067 2242 ad
1082 2200 1183 2242 muros
1197 2182 1373 2243 reficiendos
1388 2182 1537 2242 collectos.

208 2290 256 2349 Ita
270 2289 378 2348 accidit
393 2294 426 2346 ut
442 2286 608 2362 ubicunque
624 2286 700 2344 muri
716 2304 787 2363 pars
803 2286 905 2362 aliqua
921 2287 1056 2358 diruitur,
1071 2296 1103 2345 ut
1118 2285 1203 2344 noris
1219 2285 1362 2345 aedificiis
1377 2285 1460 2345 locus
1476 2286 1537 2358 fiat,

210 2391 356 2469 prodeant
368 2388 436 2448 inde
451 2389 530 2448 tituli
545 2390 653 2447 aetatis
669 2388 825 2447 Romanae
839 2407 899 2447 non
914 2389 1011 2467 pauci.
1044 2386 1103 2461 Qui
1118 2406 1196 2447 anno
1212 2388 1350 2464 proximo
1364 2390 1407 2446 ita
1422 2388 1539 2464 prodie-

209 2503 280 2553 runt
305 2492 385 2552 tituli
412 2491 548 2568 inscripti
574 2500 824 2566 monumentaque
846 2491 946 2568 operis
974 2491 1112 2549 tectonioi
1134 2510 1153 2548 a
1175 2490 1319 2548 societate
1341 2491 1469 2566 quadam
1493 2511 1538 2548 ar-

209 2596 414 2674 gentariorum
437 2594 483 2669 (lo
498 2592 643 2653 Sociedad
659 2591 805 2652 Cotolona
823 2593 940 2669 penerel
959 2594 993 2651 de
1011 2592 1146 2668 Credite),
1170 2592 1254 2651 cuius
1276 2592 1420 2651 aedificiis
1435 2611 1538 2652 murus

211 2708 344 2758 vetustus
378 2708 525 2766 cesserat,
558 2694 644 2753 inlati
677 2704 746 2754 sunt
778 2697 808 2753 in
841 2713 975 2754 museum
1003 2694 1226 2753 Barcinonense
1252 2695 1352 2753 studio
1380 2695 1538 2766 laudabili3

187 2850 191 2855 .
210 2800 303 2861 edidit
324 2816 377 2860 cos
400 2817 467 2857 cum
490 2801 702 2857 commentario
724 2797 807 2856 brevi
829 2797 864 2855 P.
888 2797 1003 2857 Fidelis
1025 2796 1110 2855 Fita
1135 2796 1172 2854 de
1200 2816 1232 2854 re
1253 2797 1445 2873 epigraphica
1466 2797 1539 2857 His-

209 2922 291 2981 pana
316 2902 429 2979 optime
454 2905 576 2959 meritus
604 2918 795 2977 metensque3
824 2900 956 2959 eiusdem
987 2900 1044 2958 riri
1070 2898 1222 2957 officiosae
1250 2899 1425 2958 liberalitati
1447 2899 1538 2958 debeo

209 3014 319 3084 ectypa
339 3005 494 3063 titulorum
516 3003 637 3061 illorum
660 3003 760 3061 omnia
781 3003 876 3080 perite
897 3003 985 3073 facta,
1008 3021 1085 3078 quae
1100 3002 1281 3061 Aurelianus
1306 2998 1445 3060 Gnerra
1467 3003 1540 3060 mibi

210 3107 389 3167 transmisit.
432 3104 528 3163 Tituli
561 3123 732 3182 quanquam
765 3104 947 3181 sepulcrales
981 3113 1051 3162 sunt
1082 3104 1231 3180 plerique,
1264 3114 1361 3162 tamen
1394 3103 1476 3161 nolui
1509 3106 1540 3163 in

211 3209 331 3270 schedis
355 3225 406 3268 eos
429 3207 480 3266 diu
502 3207 606 3279 latere,
629 3227 695 3265 curn
718 3209 784 3285 ipso
807 3226 931 3266 numero
954 3226 1009 3265 suo
1029 3207 1260 3283 nominibusque
1283 3206 1487 3264 defunctorum
1511 3216 1540 3265 et

210 3311 348 3372 formulis
378 3310 537 3387 suppleant
563 3317 592 3367 et
618 3309 769 3368 illustrent
790 3328 853 3382 eos,
876 3327 951 3386 quos
975 3310 1070 3368 adhuc
1092 3293 1222 3368 indidem
1244 3308 1413 3381 habuimus,
1442 3308 1539 3368 editos

209 3415 281 3473 illos
307 3414 339 3472 in
368 3412 425 3469 rol.
442 3411 474 3471 II
496 3432 525 3470 n.
542 3410 623 3470 4558
636 3429 677 3470 ss.
725 3411 774 3470 Ex
802 3432 861 3471 uno
888 3431 991 3469 eorum
1019 3412 1062 3488 (n.
1081 3411 1153 3487 175)
1180 3412 1271 3469 etiam
1298 3410 1372 3468 illud
1399 3410 1540 3470 discimus

210 3517 326 3593 lapides
348 3513 530 3592 sepulcrales
552 3514 665 3572 formae
687 3515 751 3573 eins
773 3514 929 3592 oblongae,
959 3516 1066 3591 quibus
1089 3513 1195 3571 mediis
1217 3513 1307 3570 loculi
1331 3514 1447 3572 cineres
1470 3531 1539 3571 con-

210 3621 340 3679 tinentes
367 3617 494 3689 inerant,
521 3616 689 3676 Barcinone
716 3629 745 3676 et
771 3617 801 3676 in
828 3618 940 3677 ricinia
966 3618 1138 3694 frequenter
1165 3626 1323 3690 usurpatos
1352 3616 1446 3676 dictos
1473 3634 1539 3674 esse

212 3739 316 3798 capaa3
342 3737 469 3796 quocum
492 3720 612 3777 nomine
642 3718 822 3779 conferenda
845 3728 914 3779 sunt
935 3719 1016 3777 dolia
1037 3719 1089 3777 illa
1112 3718 1292 3794 sepulcralia
1314 3718 1403 3775 obvia
1424 3718 1455 3775 in
1476 3718 1539 3776 Lu·

211 3823 321 3885 sitania
343 3821 540 3880 meridionali.
584 3821 659 3879 Dixi
683 3822 719 3880 de
744 3840 888 3897 cuparum
916 3821 1119 3894 similiumque
1146 3819 1299 3877 titulorum
1326 3819 1537 3894 sepulcralium

210 3926 308 3985 torma
329 3924 367 3983 ad
390 3920 601 3983 Saetabitanos
624 3924 683 3981 rol.
699 3923 730 3980 ll
751 3944 780 4001 p.
797 3923 867 3982 488.

296 4026 391 4086 Tituli
417 4024 489 4085 editi
518 4033 589 4084 sunt
616 4046 634 4083 a
660 4025 731 4084 Fita
756 4026 786 4083 in
813 4025 1002 4103 ephemeride
1028 4023 1244 4084 Barcinonensi
1272 4026 1378 4080 reoista
1404 4024 1539 4082 liatdrico

211 4151 239 4191 a.
264 4129 344 4190 1876
371 4129 525 4187 mensibus
553 4128 717 4186 Februario
745 4126 787 4203 (n.
803 4127 914 4204 XXII)
941 4135 969 4186 et
991 4128 1070 4186 Maio
1097 4127 1139 4203 (n.
1156 4124 1264 4202 XXV)
1288 4125 1396 4185 additis
1420 4126 1458 4184 ad
1480 4145 1539 4183 rne-

212 4233 305 4293 liores
328 4230 508 4307 imaginibus
529 4230 726 4307 lithographis
749 4241 887 4289 accurate
909 4230 1012 4301 factis3
1035 4248 1091 4308 ego
1113 4229 1258 4306 descripsi
1280 4246 1318 4286 ex
1340 4228 1455 4304 ectypis
1476 4246 1538 4285 om·
1631 4244 1635 4251 ·

210 4352 265 4395 nes
287 4334 374 4394 Fitac
396 4333 554 4393 lectionem
576 4333 605 4390 in
628 4334 787 4410 perpaucis
809 4343 923 4392 tantum
946 4333 1107 4411 corrigens.

209 4593 278 4656 160
302 4593 478 4665 Barcinone,
504 4612 543 4651 ex
571 4612 655 4652 muro
678 4604 785 4668 vetere,
807 4595 1005 4672 fragmentum
1027 4593 1149 4670 longum
1171 4612 1210 4651 m.
1233 4592 1315 4663 0.33‚
1341 4590 1436 4650 altum
1457 4590 1539 4660 0.17,

251 4697 360 4757 litteris
382 4697 470 4755 bonis
492 4697 606 4756 sacculi
627 4697 761 4757 alterius.

795 4852 810 4893 L
833 4862 841 4879 ⁴
864 4851 953 4893 tvai

829 4954 960 4997 llllllVl*

252 5084 323 5149 Fila
343 5087 363 5152 l,
380 5092 403 5132 ⁸·
420 5095 444 5136 s.
467 5100 496 5157 p.
515 5079 582 5139 134.

258 5189 381 5253 saviros
404 5180 588 5258 Augustales
611 5181 851 5241 Barcinonenses
875 5179 933 5237 iam
956 5176 1093 5236 novimus
1120 5176 1242 5254 aliquot.

1297 5274 1335 5333 14
