3510 5812
716 541 766 592 uu
784 542 913 595 saonis
931 541 1024 593 oms.
1487 525 1534 595 67
1599 539 1603 549 ·

210 716 330 774 demum
352 714 543 791 imperatoris
558 721 686 773 aetatem
703 725 878 792 usurpatum
893 715 942 788 sit,
965 724 1064 774 nmen
1080 722 1192 774 certum
1209 724 1256 773 est
1271 717 1421 775 aerarium
1442 716 1538 776 fuisse

208 826 261 875 aut
282 818 313 876 in
335 818 403 894 ipsa
425 816 498 876 aede
521 815 641 877 Saturni
668 817 772 875 autin
798 817 934 877 aedificio
962 817 1028 877 aedi
1056 815 1179 878 Saturni
1207 817 1380 876 continenti.
1424 818 1539 877 accedit

208 919 288 997 quod
311 918 452 978 Lucanus
479 919 511 977 in
536 919 633 996 ipsam
660 919 764 978 aedem
787 918 908 980 Saturni
930 918 1093 979 Caesarem
1120 919 1211 978 tradit
1232 920 1378 996 irrupisse
1400 921 1538 980 versibus

208 1022 245 1081 de
267 1022 375 1099 quibus
398 1021 476 1080 iufra
497 1021 620 1093 dicetur,
642 1022 699 1080 hoc
721 1032 777 1093 est,
802 1033 833 1080 ut
857 1022 909 1080 alii
931 1028 1079 1080 testantur
1099 1021 1235 1097 interque
1256 1040 1309 1081 eos
1333 1023 1398 1098 ipse
1419 1021 1537 1080 Tullius

208 1128 239 1182 ia
260 1128 404 1183 aerarium
426 1128 553 1184 sanctius
576 1123 618 1200 (v.
641 1123 748 1182 Drum.
773 1125 801 1195 3,
824 1123 909 1199 445).
953 1141 1012 1201 quo
1039 1123 1136 1202 magis
1163 1125 1332 1183 mirandum
1358 1123 1438 1201 quod
1460 1124 1537 1183 idem

209 1224 315 1286 Cicero
344 1227 432 1302 isque
460 1226 544 1285 solus
572 1245 599 1284 a.
623 1226 680 1285 711
706 1234 832 1284 testatur
854 1227 895 1284 ad
920 1225 992 1302 Opis
1014 1246 1033 1285 a
1054 1225 1088 1286 C.
1112 1223 1243 1286 Caesare
1270 1236 1419 1286 servatam
1444 1226 1539 1287 tuisse

210 1329 368 1404 pecuniam
390 1328 548 1407 publicam.

292 1431 321 1489 3.
365 1430 443 1490 Post
469 1439 594 1489 mortem
617 1428 773 1489 Ciceronis
800 1449 828 1488 a.
852 1429 921 1488 713.
964 1429 1001 1489 L.
1025 1431 1179 1490 Munatius
1201 1431 1334 1490 Plancus
1362 1431 1458 1490 aedem
1481 1428 1540 1490 Sa-

212 1535 289 1591 turni
302 1534 376 1607 fecit
397 1533 431 1590 de
452 1535 587 1592 manibiia
610 1541 686 1592 teste
709 1532 793 1591 titulo
817 1530 960 1591 Caietano
983 1532 1019 1607 (I.
1042 1531 1083 1590 N.
1103 1533 1185 1592 4089
1199 1557 1236 1583 ==
1251 1532 1305 1592 Or.
1329 1532 1413 1609 590).
1457 1533 1539 1591 basis

211 1641 329 1694 statuae
350 1636 388 1694 ab
411 1635 514 1693 eodem
537 1635 642 1693 autin
664 1633 775 1709 templo
798 1643 850 1692 aut
865 1646 933 1693 aute
955 1635 1099 1712 templum
1114 1634 1267 1693 dedicatae
1281 1634 1382 1710 Pighii
1405 1642 1540 1710 tempore

210 1753 305 1811 prope
332 1755 434 1795 arcum
463 1735 567 1797 Severi
595 1738 707 1796 effossa
732 1746 779 1795 est
800 1735 850 1811 (C.
872 1737 895 1794 1.
918 1734 954 1794 L.
978 1736 1005 1806 6,
1032 1735 1258 1796 1316=Grut
1283 1735 1331 1810 20,
1358 1736 1398 1812 1).
1443 1756 1483 1796 ex
1504 1755 1540 1795 eo

211 1838 281 1897 inde
303 1847 435 1916 tompore
457 1849 487 1897 et
509 1839 656 1897 aerarium
673 1836 795 1899 Saturni
819 1839 939 1915 saepius
955 1846 1206 1898 commemoratur
1220 1846 1250 1897 et
1272 1840 1376 1897 aedem
1391 1838 1541 1898 Munatio-

210 1958 279 1997 nam
302 1940 483 2015 aliquotiens
511 1941 657 1999 incendiis
685 1950 860 2016 quassatam
886 1942 1115 2017 restitutamque
1141 1959 1211 2000 esse
1233 1949 1359 1999 constat.
1404 1939 1480 2017 Opis
1503 1941 1540 1999 ad

211 2041 309 2099 iorum
333 2043 415 2101 aedis
438 2044 550 2101 mentio
572 2043 656 2101 nulla
677 2043 806 2119 amplius
829 2043 910 2100 lacta
931 2050 986 2101 est.

294 2143 323 2201 4.
368 2143 487 2221 Templi
504 2142 625 2203 Saturni
648 2162 717 2203 esse
739 2163 885 2221 pronaum
908 2153 975 2203 octo
998 2145 1204 2205 columnarum
1226 2146 1304 2205 inter
1325 2146 1434 2205 clivum
1450 2143 1541 2221 Capi·

210 2246 335 2305 tolinam
364 2255 395 2305 et
420 2245 574 2305 basilicam
603 2247 712 2305 Iuliam
739 2265 816 2305 nunc
843 2247 1036 2324 superstitem
1058 2257 1177 2307 constat
1202 2249 1386 2325 argumentis
1408 2247 1541 2306 certissi-

210 2348 278 2406 mis.
324 2347 428 2424 templi
449 2348 478 2406 is
502 2356 547 2405 est
568 2348 643 2406 situs
666 2358 698 2406 ut
718 2348 797 2406 latus
814 2349 959 2408 orientale
981 2368 1081 2408 aream
1102 2349 1160 2408 fori
1180 2352 1332 2427 contingat
1353 2350 1394 2408 ibi
1418 2349 1468 2408 ubi
1491 2349 1541 2406 via

211 2467 297 2509 sacra
322 2450 354 2509 in
380 2450 450 2508 clivi
477 2450 602 2508 lormam
626 2448 788 2525 Capitolini
811 2461 951 2510 mutatur.
994 2452 1094 2528 ibique
1120 2452 1176 2510 fuit
1197 2470 1283 2510 arcas
1301 2463 1424 2528 propter
1444 2453 1541 2510 aedem

212 2549 336 2611 Saturni
357 2551 540 2611 Tiberianus
563 2551 651 2626 (Tac.
675 2553 712 2610 A.
737 2551 766 2624 2,
789 2553 853 2628 41),
881 2554 967 2612 cuius
988 2553 1133 2629 reliquiae
1155 2572 1232 2612 nunc
1254 2553 1381 2612 noviciis
1404 2552 1540 2610 aedifica·

212 2653 344 2712 tionibus
360 2672 455 2729 paene
471 2654 637 2713 occultatae
653 2661 730 2713 sunt.
774 2655 935 2713 secundum
958 2656 1086 2714 frontem
1101 2666 1131 2715 et
1152 2655 1230 2714 latus
1245 2655 1429 2714 occidentale
1444 2654 1541 2712 clivus

211 2755 255 2813 ita
276 2757 411 2814 ascendit
426 2766 458 2815 ut
480 2756 623 2832 paulatim
647 2757 814 2832 stylobatae
829 2756 1025 2828 altitudinem,
1047 2775 1124 2834 quae
1146 2758 1177 2816 in
1199 2757 1336 2816 orientali
1360 2757 1465 2833 ingens
1486 2732 1541 2827 est,

211 2865 367 2934 exaequet.
412 2859 612 2934 opisthodomi
635 2859 764 2934 vestigia
785 2879 864 2918 nuuc
891 2859 986 2918 latent
1008 2860 1065 2918 sub
1086 2859 1341 2918 aedificationibus
1364 2859 1542 2918 recentibus.

211 2959 269 3017 boc
291 2960 383 3036 igitur
405 2960 547 3037 templum
570 2962 736 3019 rectissime
759 2960 817 3019 dici
841 2963 882 3019 ad
895 2965 994 3037 sorum
1022 2962 1111 3020 situm
1138 2979 1205 3020 esse
1226 2961 1355 3021 vidimus
1379 2971 1409 3019 et
1430 2963 1460 3020 in
1482 2963 1542 3019 imo

212 3061 299 3132 clivo,
326 3063 396 3119 item
425 3071 505 3120 recte
532 3062 640 3120 dicitur
666 3079 751 3121 sura
778 3064 881 3121 clivam
907 3073 936 3122 et
963 3079 1020 3120 svo
1049 3064 1121 3122 clivo
1148 3064 1179 3122 in
1206 3064 1329 3122 scholiis
1357 3062 1542 3140 Vergilianis

212 3165 289 3221 Aen.
313 3162 342 3236 2,
362 3163 428 3221 116.
452 3164 481 3234 8,
498 3164 568 3234 319,
592 3164 729 3222 nimirum
751 3183 770 3221 a
791 3164 857 3223 foro
880 3165 961 3223 eunti
984 3183 1090 3225 versus
1112 3164 1295 3241 Capitolium
1317 3166 1358 3240 (v.
1374 3165 1495 3223 Hermes
1512 3164 1542 3234 4,

214 3263 300 3341 260).
343 3264 414 3323 item
440 3266 517 3324 bene
544 3264 635 3324 habet
663 3265 744 3341 quod
766 3264 925 3337 Lucanus,
954 3266 1003 3325 ubi
1025 3266 1062 3326 de
1084 3267 1206 3327 effracto
1232 3286 1251 3324 a
1272 3265 1402 3326 Caesare
1425 3266 1542 3325 aerario

213 3366 378 3426 luculenter
399 3367 552 3437 disseruit,
582 3368 684 3445 templi
707 3365 829 3426 Saturni
852 3368 932 3426 fores
955 3369 1091 3428 reclusas
1115 3370 1245 3428 sonitum
1267 3368 1389 3427 dedisse
1411 3378 1441 3426 et
1461 3384 1543 3427 reso-

214 3469 317 3527 nuisse
336 3487 440 3544 rupem
456 3469 618 3544 Tarpeiam
633 3468 726 3527 dixit:
749 3479 782 3526 at
802 3471 877 3528 videt
897 3473 1004 3545 inperiti
1026 3470 1149 3530 Saturni
1170 3472 1275 3548 templa
1297 3471 1396 3530 revelli
1416 3470 1488 3528 mole
1504 3502 1541 3511 -

213 3580 280 3630 ants
293 3571 376 3644 foras
405 3572 529 3630 nonduin
554 3582 697 3630 reseratae
724 3575 847 3631 constitit
868 3574 948 3630 aedis
963 3605 1003 3613 —
1019 3592 1074 3643 -3
1093 3577 1227 3648 protinas
1249 3573 1370 3632 abducto
1389 3581 1544 3648 patuerant

214 3672 318 3748 templa
340 3671 471 3730 Metello:
501 3682 566 3732 tanc
587 3692 672 3749 rapsa
699 3675 824 3749 Tarpeia
850 3685 933 3733 sonat
953 3693 1110 3749 magnoque
1131 3676 1258 3734 reclusas
1281 3684 1400 3734 testatur
1421 3673 1544 3732 stridore

208 3776 301 3850 sores,
324 3783 390 3833 tunc
412 3776 539 3833 conditus
565 3778 620 3834 imo
646 3779 754 3834 eruitur
780 3776 881 3851 templo
902 3776 999 3833 maltis
1022 3779 1145 3835 intactus
1172 3776 1208 3834 ab
1231 3781 1314 3835 annia
1335 3778 1459 3834 Romani
1481 3794 1543 3832 cen·

215 3894 264 3935 sas
282 3877 389 3953 populi
409 3885 477 3936 cett.
500 3876 658 3950 (3,115s.
685 3877 741 3936 153
758 3876 825 3953 ss).
869 3895 945 3952 quae
962 3878 1054 3935 verba
1074 3884 1106 3936 ut
1128 3879 1231 3936 abeis
1253 3880 1304 3954 qui
1327 3877 1447 3938 Saturni
1470 3886 1543 3933 tem-

214 3979 265 4054 plo
292 3978 447 4038 columnas
468 3988 538 4050 tres,
566 3998 641 4054 quae
670 3987 739 4037 sunt
763 3978 946 4057 Vespasiani
973 3980 1068 4052 aedis,
1093 3979 1260 4038 tribuerunt
1286 3998 1378 4057 prave
1406 3985 1545 4036 enarratu

217 4089 287 4139 sunt
308 4080 355 4155 (ut
376 4099 395 4137 a
409 4080 553 4139 Bunseno
570 4079 614 4138 La
628 4084 728 4157 sorum
747 4081 825 4140 1835
848 4100 877 4158 p.
897 4082 930 4138 ll
950 4080 1042 4156 aliis),
1062 4083 1106 4139 ita
1126 4092 1284 4157 postquam
1301 4081 1337 4139 de
1352 4080 1462 4157 templo
1477 4087 1544 4136 octo

216 4183 421 4241 columnarum
445 4182 618 4258 accipienda
639 4201 706 4241 osse
728 4194 856 4254 constat,
878 4184 921 4241 uil
943 4184 1024 4241 aliud
1046 4184 1215 4260 significare
1238 4192 1363 4260 apparet
1384 4200 1473 4259 quam
1495 4202 1544 4238 ru·

215 4303 282 4360 pern
305 4302 462 4354 saxumve,
485 4304 574 4360 quam
597 4304 703 4343 versus
726 4286 829 4344 aedem
852 4284 1078 4344 Consolationis
1101 4293 1253 4362 spectasse
1275 4305 1354 4344 nunc
1377 4286 1452 4343 satis
1475 4302 1544 4341 con·

216 4385 298 4444 venit
330 4387 408 4445 inter
440 4405 561 4458 omnes,
588 4388 761 4447 resonuIsse
796 4397 897 4466 utpote
922 4386 1044 4448 Saturni
1073 4388 1183 4465 templo
1210 4388 1383 4464 aerarioque
1405 4387 1544 4444 vicinum.

217 4494 372 4563 practerea
404 4489 501 4547 aerari
533 4509 642 4548 nomeu
676 4491 706 4548 in
735 4508 900 4566 cognomen
933 4490 1033 4548 abisse
1067 4490 1183 4549 videtur
1209 4490 1323 4566 aliquot
1351 4488 1545 4549 ecclesiarum

217 4590 335 4649 saeculo
357 4590 417 4648 XV
446 4591 534 4670 longe
561 4592 771 4668 antiquiorum,
800 4593 924 4651 sitarum
951 4593 1030 4650 circa
1057 4592 1215 4651 ecclesiam
1245 4590 1469 4651 Consolationis
1495 4609 1545 4647 ea·

217 4690 343 4768 demque
365 4694 485 4768 regione
506 4704 642 4770 repertus
666 4704 712 4753 est
733 4694 838 4754 titulus
860 4695 908 4752 bic
930 4694 1039 4770 (Henz.
1064 4694 1145 4753 6455
1164 4720 1201 4744 =
1220 4692 1254 4753 C.
1277 4694 1301 4751 Ι.
1323 4692 1358 4751 L.
1383 4694 1411 4765 6,
1436 4691 1544 4766 noto:

216 4793 254 4852 L.
280 4794 454 4870 Calpurnius
476 4796 544 4854 Piso
563 4795 606 4854 M.
624 4796 742 4855 Salvius
762 4815 811 4872 pr.
835 4816 892 4855 aer.
916 4816 1015 4855 aream
1036 4816 1069 4854 aa
1090 4815 1114 4855 s.
1136 4815 1159 4854 c.
1181 4816 1201 4855 a
1219 4799 1344 4872 priuatis
1362 4795 1481 4872 publica
1502 4813 1545 4850 re·

217 4897 359 4970 demptam
385 4901 562 4956 terminarer.
606 4918 666 4974 qua
692 4899 728 4956 de
755 4918 787 4956 re
821 4918 880 4956 non
911 4909 1043 4973 repetam
1072 4916 1150 4973 quac
1176 4899 1303 4974 exposui
1330 4897 1546 4976 topographiae

216 4997 368 5056 volumine
394 4999 489 5058 altero
517 5020 545 5075 p.
562 4999 746 5058 tas-186.
791 5001 860 5058 hinc
887 5000 1014 5059 efficitur
1042 5018 1151 5058 nomen
1177 5001 1299 5072 aerarii,
1326 5001 1406 5076 quod
1432 4999 1488 5057 tuit
1515 4998 1546 5053 iu

217 5098 328 5175 templo
350 5098 482 5174 Saturni,
505 5108 602 5160 aetate
625 5102 724 5160 media
745 5103 923 5162 translatum
946 5121 1011 5162 esse
1033 5102 1071 5160 ad
1093 5103 1244 5178 regionem
1267 5111 1360 5161 totam
1383 5121 1446 5160 eam
1469 5117 1546 5175 quae

215 5218 293 5277 pone
320 5203 468 5261 aerarium
495 5203 552 5262 suit
578 5223 649 5263 saue
676 5203 817 5282 amplam,
847 5205 933 5263 cuius
961 5203 1079 5281 generis
1106 5205 1336 5265 translationum
1370 5203 1483 5279 passim
1516 5203 1546 5258 iu

1301 5303 1342 5365 5.
