3510 5812
210 487 280 556 180
797 494 945 554 088088

206 679 347 735 universa
368 697 400 735 re
421 677 573 735 metallica
595 684 724 735 veterum
748 677 861 751 sunt1),
884 695 973 752 quam
996 678 1048 752 qui
1071 684 1139 734 sunt
1161 676 1196 733 de
1216 676 1400 735 Phoenicum
1420 674 1533 752 Hispa·

206 798 370 855 norumque
392 777 563 854 metallis2).

290 884 388 957 Atque
411 883 537 957 primum
559 883 627 957 ipsa
649 882 754 957 capitis
777 881 931 957 inscriptio
951 881 1022 957 qnid
1045 882 1193 958 significet
1207 882 1375 940 videndum.
1420 877 1536 939 Scau·

207 985 325 1042 181108
353 992 478 1061 apparet
505 1003 558 1042 eos
586 1002 652 1042 esse
679 985 728 1059 qui
759 985 893 1042 scaurias
920 993 1048 1042 tractant
1075 985 1104 1042 in
1133 986 1198 1060 ipso
1226 985 1322 1060 capite
1350 984 1419 1058 plus
1442 981 1537 1040 semel

207 1088 376 1145 nominatas
400 1087 596 1162 similiterque
619 1087 669 1161 qui
692 1097 786 1144 testas
814 1094 941 1144 tractant
967 1087 1150 1145 testarios.
1196 1085 1302 1144 Omnis
1325 1086 1416 1162 igitur
1437 1084 1536 1161 expli-

207 1190 287 1246 catio
314 1189 382 1247 inde
409 1188 528 1266 pendet,
556 1189 625 1265 quid
653 1188 689 1245 (18
716 1190 819 1246 harum
848 1208 954 1246 vocum
986 1189 1202 1265 significatione
1229 1197 1260 1246 et
1286 1205 1342 1247 usu
1375 1195 1536 1246 statuatur.
1594 1173 1599 1182 ’

209 1289 296 1363 Quod
319 1301 351 1350 ut
372 1301 450 1350 recte
472 1291 524 1349 fiat
546 1292 634 1349 etiam
656 1290 773 1367 reliqua
791 1292 880 1350 huius
903 1291 1009 1366 capitis
1032 1292 1177 1350 vocabula
1197 1310 1275 1349 nova
1297 1310 1335 1348 ex
1356 1297 1441 1368 parte
1463 1289 1537 1365 quid

208 1395 374 1469 significent
395 1402 425 1452 et
446 1412 506 1469 000
529 1394 617 1451 modo
641 1404 818 1468 usurpentur
840 1394 1053 1469 disputandum
1076 1403 1129 1452 est.

293 1495 467 1555 Scauriae
496 1496 633 1554 vocabuli
661 1497 758 1554 adhuc
786 1497 925 1555 rusticam
955 1505 1069 1555 tantum
1103 1496 1241 1554 novimus
1275 1497 1402 1554 formem
1429 1499 1536 1566 scoria,

209 1617 297 1674 qnam
322 1582 516 1656 servaverunt
538 1600 655 1675 linguae
679 1599 846 1656 neolatinne
868 1599 947 1656 Itala
968 1598 1198 1674 Francogallica
1215 1598 1354 1676 Hispana
1373 1597 1536 1674 Portugal·

208 1702 282 1769 lica;
306 1699 431 1759 Graecis
454 1693 559 1782 σκωρῖα
586 1701 701 1759 dicitur.
745 1701 791 1758 Illi
821 1711 918 1759 utrum
947 1700 1093 1760 eLatino
1120 1720 1258 1759 sermone
1284 1701 1468 1778 sumpserint
1496 1719 1536 1759 an

167 1782 170 1787 ¹
209 1804 348 1862 vocabuli
375 1803 522 1880 peregrini
550 1821 655 1861 sonum
686 1823 753 1860 eum
780 1823 834 1879 per
857 1828 876 1859 ω
906 1804 1121 1879 expresserint,
1147 1804 1197 1880 qui
1224 1804 1369 1862 Romanis
1396 1823 1436 1861 an
1461 1810 1536 1875 erat,

208 1907 390 1982 ignoramus.
434 1905 621 1963 Vocabulum
644 1916 743 1981 potest
766 1925 836 1964 sane
851 1905 1007 1981 Hispanae
1023 1906 1147 1981 originis
1167 1925 1244 1965 esse.
1289 1904 1424 1965 Scorinm
1446 1905 1538 1983 igitur

208 2009 326 2066 Plinius
348 2016 475 2066 testatur
493 2007 652 2082 (XXXIII
669 2007 686 2084 §
702 2007 756 2084 69)
776 2028 840 2065 eam
856 2027 928 2083 qnos
943 2028 957 2066 e
973 2012 1082 2067 cornino
1097 2012 1221 2068 iactatur
1234 2012 1401 2084 spurcitiam
1414 2011 1446 2065 in
1460 2009 1539 2065 omni

209 2111 322 2169 metallo
344 2114 465 2169 vocitari
487 2110 668 2185 eandemque
684 2131 722 2169 ex
738 2130 811 2168 auro
828 2119 951 2189 argento
974 2131 1042 2170 aere
1064 2110 1145 2188 gigni
1166 2110 1245 2168 idem
1261 2111 1328 2168 aliis
1350 2110 1425 2168 locis
1448 2109 1537 2168 testis

209 2222 256 2272 est
278 2212 435 2290 (XXXIII
460 2211 531 2288 §69
550 2211 607 2270 105
623 2212 766 2270 XXXIV
792 2214 873 2290 107).
918 2213 1001 2271 Η880
1028 2213 1163 2271 vocabuli
1192 2213 1369 2291 significatio
1396 2213 1422 2270 si
1448 2211 1538 2270 00188

209 2326 266 2389 881,
289 2335 377 2392 quam
394 2321 525 2374 statuere
547 2315 625 2384 licet,
648 2315 720 2389 quid
735 2333 811 2391 opus
835 2317 1052 2374 scamariorum
1075 2315 1165 2373 fuerit
1178 2315 1298 2373 difficile
1312 2324 1360 2373 est
1374 2313 1536 2391 explicatu.

209 2418 378 2477 Videndum
402 2418 492 2494 igitur
526 2436 563 2475 an
591 2426 668 2475 recte
691 2417 932 2477 Mommsenus
962 2418 1152 2494 cogitandum
1175 2436 1243 2476 esse
1265 2415 1456 2494 proposuerit
1478 2433 1537 2473 non

210 2523 246 2580 (18
274 2521 399 2579 scauriis
426 2538 502 2595 quae
529 2540 545 2575 e
574 2519 694 2577 metallo
717 2520 788 2578 olim
815 2527 941 2596 purgato
969 2521 1130 2597 gignuntur
1160 2520 1256 2578 denuo
1285 2518 1457 2595 purgandis,
1485 2517 1539 2576 sed

210 2626 246 2682 dc
279 2623 404 2682 materis
435 2623 555 2699 lapidea
586 2623 655 2698 ipsa
688 2642 763 2698 quae
796 2642 833 2680 cx
867 2623 965 2697 puteis
998 2623 1188 2681 scrobibusve
1221 2621 1431 2692 effodiebatur3
1467 2638 1537 2678 nam

210 2728 248 2785 ad
280 2728 357 2784 hanc
389 2744 506 2801 quoque
535 2725 682 2802 purgandi
712 2725 901 2795 vocabulum,
934 2725 1014 2801 quod
1042 2725 1120 2783 inira
1145 2723 1312 2782 videbimus
1340 2723 1377 2781 de
1410 2722 1538 2781 scsuriis

212 2829 362 2906 usurpari,
385 2835 464 2884 recte
486 2827 629 2903 pervenit.

295 2931 429 2988 Testes
450 2947 509 2986 non
532 2948 606 2986 vasa
626 2929 796 3004 lateresque
819 2940 931 2987 tantum
955 2950 971 2986 e
994 2940 1073 2987 terra
1092 2939 1177 2988 cocta
1196 2947 1357 3004 eorumque
1377 2926 1540 3005 particulas

211 3035 333 3102 fractas,
357 3031 409 3088 sed
432 3030 521 3087 etiam
543 3030 675 3104 lapidum
697 3032 846 3107 fragmina
868 3032 926 3089 dici
949 3031 985 3088 ab
1008 3030 1110 3087 eodem
1131 3031 1230 3089 Plinio
1254 3031 1407 3103 discimus,
1431 3029 1540 3106 quide

212 3136 274 3192 tofo
304 3151 428 3191 narrans
459 3132 617 3208 lapideque
645 3133 714 3190 albo
748 3133 777 3190 in
804 3133 932 3192 Umbria
959 3142 988 3189 et
1015 3133 1143 3191 Venetia
1175 3134 1296 3191 dentata
1328 3151 1413 3192 serra
1444 3130 1542 3190 secari

213 3238 302 3296 solito
336 3236 409 3294 dicit
444 3234 573 3310 lapidem
608 3254 675 3292 eum
711 3239 862 3311 nspcrpine
898 3245 923 3292 et
956 3237 1023 3309 pelo
1052 3238 1222 3312 pruinisque
1257 3237 1351 3310 rumpi
1389 3238 1421 3291 in
1453 3244 1541 3294 testas

214 3338 369 3415 (XXXVI
385 3337 401 3412 §
419 3336 502 3410 166).
546 3335 619 3393 Inde
635 3355 711 3413 opus
735 3339 933 3407 tectoriorum,
956 3338 1007 3412 qui
1029 3337 1098 3394 item
1120 3338 1249 3414 primum
1268 3337 1317 3394 hic
1337 3336 1541 3406 nominantur,

214 3460 316 3498 eorum
342 3439 436 3495 fnisse
460 3437 578 3513 colligo,
606 3439 656 3513 001
683 3438 817 3515 lapidum
839 3438 988 3516 fragmina
1009 3439 1088 3496 aeris
1116 3439 1186 3496 inde
1208 3438 1329 3497 emendi
1352 3456 1446 3496 08088
1466 3447 1542 3495 trac·

214 3552 286 3600 tant.
331 3539 406 3599 Cum
430 3558 457 3595 v.
475 3540 513 3597 56
529 3542 650 3614 statores
671 3544 830 3616 orpentorii
850 3544 959 3598 aerarii
980 3548 1095 3598 tantum
1112 3547 1322 3613 memorentur,
1347 3558 1407 3598 non
1430 3539 1542 3598 aurarii

214 3646 378 3703 aliorumve
407 3641 606 3714 metallorum,
639 3662 677 3699 ex
705 3642 824 3700 metallo
850 3642 1038 3720 Vipascensi,
1071 3663 1110 3701 ex
1135 3662 1194 3719 quo
1226 3643 1313 3700 hodie
1342 3659 1394 3701 aes
1424 3649 1541 3699 tantum

214 3747 294 3825 gigni
317 3746 465 3815 audimus,
488 3762 539 3802 888
562 3755 775 3822 argentumque
797 3744 863 3802 sola
885 3745 998 3805 effossa
1019 3763 1086 3805 8888
1107 3754 1340 3804 8008801808οω
1361 3751 1417 3804 est.

294 4006 316 4068 ¹)
355 4007 441 4056 Veluti
455 4007 537 4057 Blasii
556 4007 752 4072 Caryophili
772 4010 832 4059 Itali
851 4009 883 4058 ds
903 4010 1014 4074 antiquis
1032 4010 1088 4058 anri
1108 4009 1207 4073 argenti
1225 4009 1292 4058 seris
1310 4007 1374 4058 terri
1392 4006 1543 4071 plumbique

214 4098 311 4148 fodinis
335 4100 486 4163 opusculum
506 4099 690 4162 (vindobonae
709 4101 778 4150 1757
799 4101 849 4162 t),
874 4102 1092 4152 Reitemeieri
1113 4098 1258 4150 Gescdicbte
1277 4097 1321 4149 des
1339 4096 1473 4165 Bcrqbnus
1490 4097 1545 4148 und

215 4187 404 4240 Hsittenseescns
429 4189 469 4241 bei
491 4191 538 4240 den
563 4192 631 4242 alten
656 4189 762 4241 lekern
788 4191 938 4257 (Gottingae
960 4192 1029 4242 1785
1050 4194 1099 4255 8.),
1124 4195 1146 4243 Ι.
1167 4200 1193 4241 81
1211 4194 1241 4242 1..
1261 4190 1416 4244 Sabatier
1434 4191 1543 4240 fratrum

211 4283 366 4350 productiora
385 4281 415 4332 de
434 4276 484 4332 l'or
502 4282 533 4333 de
552 4277 567 4332 l
571 4291 660 4350 arpent
679 4291 703 4334 et
722 4283 756 4333 du
775 4284 860 4333 iniere
878 4282 935 4335 citez
955 4284 991 4333 les
1009 4285 1111 4334 enciens
1128 4293 1152 4334 ct
1169 4283 1250 4335 loten
1266 4281 1414 4334 rnone'taircs
1433 4282 1478 4334 des
1495 4298 1543 4355 8ος

211 4376 285 4442 pines
303 4376 400 4425 romain
419 4382 444 4425 et
462 4374 579 4442 byzantia
599 4377 762 4440 (Petroburgi
778 4378 848 4426 1850
864 4376 908 4438 8.),
930 4376 1020 4442 quibus
1040 4393 1100 4426 usus
1120 4384 1158 4427 cst
1176 4376 1427 4441 Marqosrdtius
1446 4376 1544 4426 enchir.

216 4469 289 4518 1112
309 4486 334 4534 p.
350 4469 433 4518 1438.
459 4477 484 4518 81
507 4485 589 4535 nuper
612 4469 639 4519 in
663 4485 740 4534 opere
763 4485 830 4518 novo
854 4469 914 4519 raim.
935 4466 1179 4534 Stantseerwaltnnp
1199 4471 1227 4520 11
1245 4486 1270 4533 p.
1286 4470 1338 4519 252
1348 4485 1381 4519 88.
1420 4469 1544 4519 Omnium

216 4562 322 4611 minime
346 4570 372 4610 et
391 4562 466 4611 docte
485 4570 510 4610 ct
534 4567 651 4611 accurate
671 4563 780 4626 scriptor
797 4562 959 4627 nuperrimus
978 4561 1065 4610 0111810
1085 4561 1186 4611 functus
1205 4568 1244 4610 est
1263 4563 1296 4611 A.
1309 4562 1412 4626 Leges
1430 4561 1545 4612 Franco·

218 4653 298 4715 gallus
318 4655 345 4702 in
364 4655 431 4703 libro
451 4654 487 4704 les
507 4661 616 4704 1808008
630 4652 741 4721 publiea,
763 4653 799 4704 les
817 4655 893 4703 mines
912 4661 935 4703 et
954 4653 981 4702 la
1000 4650 1156 4719 mitallurpie
1169 4652 1214 4703 des
1227 4653 1354 4714 Romaim,
1375 4652 1401 4703 ia
1420 4651 1546 4703 tradition

218 4746 328 4794 romnine
342 4740 448 4813 jnsqn'd
467 4763 512 4796 noa
526 4748 602 4814 jours
621 4746 738 4808 (Parisiis
754 4745 823 4796 1875
845 4749 860 4796 8
881 4748 940 4796 mai.
956 4763 1012 4796 cum
1033 4747 1125 4795 tabulis
1145 4746 1251 4808 multis),
1272 4760 1425 4811 quamquam
1445 4745 1477 4794 sb
1497 4745 1545 4794 ho·

219 4837 287 4885 minc
307 4838 350 4901 qui
369 4846 451 4887 artem
471 4825 596 4904 intellegit
614 4855 682 4888 nova
701 4841 803 4889 edoceri
826 4840 881 4888 iure
901 4839 1084 4903 expectaveris.

295 4925 321 4992 ²)
359 4928 401 4978 Dc
420 4930 580 4981 Phoenicum
595 4932 715 5005 ,metallis
739 4946 913 4997 quaecumque
939 4931 1074 4980 traduntur
1097 4931 1243 4981 doctissime
1263 4939 1291 4980 ut
1312 4931 1378 4980 solet
1401 4930 1547 4994 composuit

219 5019 403 5070 Moversins
423 5020 464 5071 die
483 5022 618 5073 Phdnirier
637 5025 665 5073 II
686 5026 701 5074 3
722 5024 849 5088 (Berolini
864 5024 934 5073 1850
951 5021 987 5087 8.)
1007 5039 1032 5087 p.
1047 5022 1139 5085 2788.;
1165 5023 1196 5072 (18
1216 5025 1391 5088 Hispanorum
1409 5023 1548 5072 videantur

219 5112 331 5162 Bethii
355 5116 536 5164 commentatio
557 5117 588 5164 (18
608 5118 728 5181 antiquae
747 5116 889 5180 Hispaniae
908 5131 936 5165 re
956 5116 1084 5164 metallica
1103 5115 1250 5180 (Gottingae
1272 5117 1341 5166 1808
1362 5115 1408 5177 4.),
1428 5112 1547 5165 Ukcrtl

222 5202 381 5272 Geoprnpirie
400 5205 445 5256 der
466 5204 588 5256 Grieclen
609 5206 659 5256 und
677 5206 768 5257 itiner
786 5208 844 5258 111
866 5207 1019 5270 (Wimsrise
1035 5209 1103 5256 1821
1126 5208 1161 5269 8.)
1181 5225 1206 5274 p.
1221 5209 1272 5258 887
1284 5224 1326 5269 ss,
1347 5206 1549 5271 Roesingeri

220 5297 366 5348 dissertatio
385 5296 445 5349 tiber
464 5297 510 5349 den
533 5297 609 5350 Gold-
630 5298 682 5348 (0((1
700 5294 921 5351 Silberreicirtlrnm
940 5299 984 5350 des
1003 5299 1070 5350 alten
1090 5297 1215 5367 Spaniens
1234 5299 1388 5360 (Sridnitiac
1410 5298 1480 5350 1858
1502 5297 1550 5361 4.).
