<?xml version="1.0" encoding="UTF-8"?>
<!DOCTYPE html PUBLIC "-//W3C//DTD XHTML 1.0 Transitional//EN"
    "http://www.w3.org/TR/xhtml1/DTD/xhtml1-transitional.dtd">
<html xmlns="http://www.w3.org/1999/xhtml" xml:lang="en" lang="en">
 <head>
  <title>
</title>
<meta http-equiv="Content-Type" content="text/html;charset=utf-8" />
  <meta name='ocr-system' content='tesseract 3.04.00' />
  <meta name='ocr-capabilities' content='ocr_page ocr_carea ocr_par ocr_line ocrx_word'/>
</head>
<body>
  <div class='ocr_page' id='page_1' title='image "./ephemerisepigra02instgoog/ephemerisepigra02instgoog_0205.png"; bbox 0 0 3510 5812; ppageno 0'>
   <div class='ocr_carea' id='block_1_1' title="bbox 210 431 949 502">
    <p class='ocr_par' dir='ltr' id='par_1_1' title="bbox 210 431 949 502">
     <span class='ocr_line' id='line_1_1' title="bbox 210 431 949 502; baseline -0.005 0"><span class='ocrx_word' id='word_1_1' title='bbox 210 431 280 502; x_wconf 83' lang='lat' dir='ltr'>tss</span> <span class='ocrx_word' id='word_1_2' title='bbox 803 441 949 500; x_wconf 67' lang='lat' dir='ltr'>nisurus</span> 
     </span>
    </p>
   </div>
   <div class='ocr_carea' id='block_1_2' title="bbox 180 622 1556 4162">
    <p class='ocr_par' dir='ltr' id='par_1_2' title="bbox 203 622 1544 1619">
     <span class='ocr_line' id='line_1_2' title="bbox 203 622 1539 701; baseline 0 -20"><span class='ocrx_word' id='word_1_3' title='bbox 203 622 420 701; x_wconf 85' lang='lat' dir='ltr'>proc(aratore)</span> <span class='ocrx_word' id='word_1_4' title='bbox 447 623 624 681; x_wconf 72' lang='lat' dir='ltr'>metallorum</span> <span class='ocrx_word' id='word_1_5' title='bbox 652 627 785 681; x_wconf 83' lang='lat' dir='ltr'>immunes</span> <span class='ocrx_word' id='word_1_6' title='bbox 813 623 885 699; x_wconf 85' lang='lat' dir='ltr'>ess[c</span> <span class='ocrx_word' id='word_1_7' title='bbox 903 623 1056 699; x_wconf 82' lang='lat' dir='ltr'>placet]1).</span> <span class='ocrx_word' id='word_1_8' title='bbox 1100 622 1160 681; x_wconf 90' lang='lat' dir='ltr'>Ubi</span> <span class='ocrx_word' id='word_1_9' title='bbox 1187 625 1267 681; x_wconf 91' lang='lat' dir='ltr'>enim</span> <span class='ocrx_word' id='word_1_10' title='bbox 1290 622 1464 681; x_wconf 88' lang='lat' dir='ltr'>immunitas</span> <span class='ocrx_word' id='word_1_11' title='bbox 1486 624 1539 682; x_wconf 90' lang='lat' dir='ltr'>tri·</span> 
     </span>
     <span class='ocr_line' id='line_1_3' title="bbox 208 725 1541 801; baseline -0.002 -17"><span class='ocrx_word' id='word_1_12' title='bbox 208 727 318 795; x_wconf 89' lang='lat' dir='ltr'>buitur,</span> <span class='ocrx_word' id='word_1_13' title='bbox 342 725 382 783; x_wconf 92' lang='lat' dir='ltr'>ibi</span> <span class='ocrx_word' id='word_1_14' title='bbox 406 745 529 783; x_wconf 93' lang='lat' dir='ltr'>munera</span> <span class='ocrx_word' id='word_1_15' title='bbox 550 725 660 783; x_wconf 84' lang='lat' dir='ltr'>fuerint</span> <span class='ocrx_word' id='word_1_16' title='bbox 682 743 803 783; x_wconf 89' lang='lat' dir='ltr'>necesse</span> <span class='ocrx_word' id='word_1_17' title='bbox 826 735 873 783; x_wconf 89' lang='lat' dir='ltr'>est</span> <span class='ocrx_word' id='word_1_18' title='bbox 896 734 925 782; x_wconf 92' lang='lat' dir='ltr'>et</span> <span class='ocrx_word' id='word_1_19' title='bbox 948 727 999 801; x_wconf 90' lang='lat' dir='ltr'>qui</span> <span class='ocrx_word' id='word_1_20' title='bbox 1021 747 1052 784; x_wconf 93' lang='lat' dir='ltr'>re</span> <span class='ocrx_word' id='word_1_21' title='bbox 1074 726 1239 800; x_wconf 85' lang='lat' dir='ltr'>municipes</span> <span class='ocrx_word' id='word_1_22' title='bbox 1262 732 1373 797; x_wconf 82' lang='lat' dir='ltr'>essent,</span> <span class='ocrx_word' id='word_1_23' title='bbox 1395 725 1465 783; x_wconf 91' lang='lat' dir='ltr'>licet</span> <span class='ocrx_word' id='word_1_24' title='bbox 1487 743 1541 782; x_wconf 84' lang='lat' dir='ltr'>vo·</span> 
     </span>
     <span class='ocr_line' id='line_1_4' title="bbox 209 827 1542 906; baseline 0 -21"><span class='ocrx_word' id='word_1_25' title='bbox 209 827 315 885; x_wconf 92' lang='lat' dir='ltr'>cabulo</span> <span class='ocrx_word' id='word_1_26' title='bbox 337 845 372 884; x_wconf 91' lang='lat' dir='ltr'>eo</span> <span class='ocrx_word' id='word_1_27' title='bbox 395 846 453 885; x_wconf 93' lang='lat' dir='ltr'>non</span> <span class='ocrx_word' id='word_1_28' title='bbox 477 836 601 885; x_wconf 88' lang='lat' dir='ltr'>utentes.</span> <span class='ocrx_word' id='word_1_29' title='bbox 648 827 785 885; x_wconf 82' lang='lat' dir='ltr'>Imitatur</span> <span class='ocrx_word' id='word_1_30' title='bbox 807 829 928 886; x_wconf 91' lang='lat' dir='ltr'>omnino</span> <span class='ocrx_word' id='word_1_31' title='bbox 951 828 1007 886; x_wconf 91' lang='lat' dir='ltr'>hoc</span> <span class='ocrx_word' id='word_1_32' title='bbox 1029 827 1092 886; x_wconf 92' lang='lat' dir='ltr'>ludi</span> <span class='ocrx_word' id='word_1_33' title='bbox 1116 830 1326 906; x_wconf 88' lang='lat' dir='ltr'>magistrorum</span> <span class='ocrx_word' id='word_1_34' title='bbox 1349 827 1542 905; x_wconf 86' lang='lat' dir='ltr'>privilegium</span> 
     </span>
     <span class='ocr_line' id='line_1_5' title="bbox 207 928 1543 1007; baseline -0.001 -21"><span class='ocrx_word' id='word_1_35' title='bbox 207 930 424 988; x_wconf 90' lang='lat' dir='ltr'>immunitatem</span> <span class='ocrx_word' id='word_1_36' title='bbox 457 931 487 987; x_wconf 92' lang='lat' dir='ltr'>in</span> <span class='ocrx_word' id='word_1_37' title='bbox 511 950 542 986; x_wconf 91' lang='lat' dir='ltr'>re</span> <span class='ocrx_word' id='word_1_38' title='bbox 564 928 684 1004; x_wconf 89' lang='lat' dir='ltr'>publica</span> <span class='ocrx_word' id='word_1_39' title='bbox 705 930 907 1007; x_wconf 79' lang='lat' dir='ltr'><strong>grammaticis</strong></span> <span class='ocrx_word' id='word_1_40' title='bbox 937 948 1119 1002; x_wconf 81' lang='lat' dir='ltr'>concessam,</span> <span class='ocrx_word' id='word_1_41' title='bbox 1152 950 1212 1007; x_wconf 89' lang='lat' dir='ltr'>qua</span> <span class='ocrx_word' id='word_1_42' title='bbox 1240 930 1277 988; x_wconf 93' lang='lat' dir='ltr'>de</span> <span class='ocrx_word' id='word_1_43' title='bbox 1305 950 1339 989; x_wconf 92' lang='lat' dir='ltr'>re</span> <span class='ocrx_word' id='word_1_44' title='bbox 1367 933 1439 988; x_wconf 86' lang='lat' dir='ltr'>satis</span> <span class='ocrx_word' id='word_1_45' title='bbox 1469 937 1543 986; x_wconf 86' lang='lat' dir='ltr'>nota</span> 
     </span>
     <span class='ocr_line' id='line_1_6' title="bbox 209 1030 1543 1109; baseline -0.001 -20"><span class='ocrx_word' id='word_1_46' title='bbox 209 1031 336 1089; x_wconf 90' lang='lat' dir='ltr'>conferri</span> <span class='ocrx_word' id='word_1_47' title='bbox 373 1041 501 1106; x_wconf 87' lang='lat' dir='ltr'>possunt</span> <span class='ocrx_word' id='word_1_48' title='bbox 534 1033 708 1090; x_wconf 91' lang='lat' dir='ltr'>constitutio</span> <span class='ocrx_word' id='word_1_49' title='bbox 744 1032 791 1089; x_wconf 90' lang='lat' dir='ltr'>Pii</span> <span class='ocrx_word' id='word_1_50' title='bbox 830 1030 914 1108; x_wconf 90' lang='lat' dir='ltr'>(Dig.</span> <span class='ocrx_word' id='word_1_51' title='bbox 945 1031 1000 1103; x_wconf 80' lang='grc'>27,</span> <span class='ocrx_word' id='word_1_52' title='bbox 1033 1036 1064 1105; x_wconf 97' lang='grc'>1,</span> <span class='ocrx_word' id='word_1_53' title='bbox 1094 1033 1127 1104; x_wconf 90' lang='grc'>6,</span> <span class='ocrx_word' id='word_1_54' title='bbox 1158 1031 1190 1107; x_wconf 90' lang='grc'>2)</span> <span class='ocrx_word' id='word_1_55' title='bbox 1228 1050 1363 1109; x_wconf 88' lang='lat' dir='ltr'>quaeque</span> <span class='ocrx_word' id='word_1_56' title='bbox 1398 1030 1543 1107; x_wconf 75' lang='lat' dir='ltr'>exposuit</span> 
     </span>
     <span class='ocr_line' id='line_1_7' title="bbox 208 1132 1543 1211; baseline -0.001 -20"><span class='ocrx_word' id='word_1_57' title='bbox 208 1133 351 1192; x_wconf 88' lang='lat' dir='ltr'>Kuhnius</span> <span class='ocrx_word' id='word_1_58' title='bbox 373 1132 475 1207; x_wconf 76' lang='lat' dir='ltr'>(stride.</span> <span class='ocrx_word' id='word_1_59' title='bbox 496 1133 571 1207; x_wconf 80' lang='lat' dir='ltr'>Vers.</span> <span class='ocrx_word' id='word_1_60' title='bbox 592 1135 617 1204; x_wconf 91' lang='lat'>1,</span> <span class='ocrx_word' id='word_1_61' title='bbox 634 1133 671 1192; x_wconf 88' lang='lat'>83</span> <span class='ocrx_word' id='word_1_62' title='bbox 686 1133 774 1209; x_wconf 87' lang='lat' dir='ltr'>seq.).</span> <span class='ocrx_word' id='word_1_63' title='bbox 809 1134 915 1210; x_wconf 88' lang='lat' dir='ltr'>ltaque</span> <span class='ocrx_word' id='word_1_64' title='bbox 936 1134 1065 1211; x_wconf 85' lang='lat' dir='ltr'>exempli</span> <span class='ocrx_word' id='word_1_65' title='bbox 1091 1135 1172 1195; x_wconf 85' lang='lat' dir='ltr'>causi</span> <span class='ocrx_word' id='word_1_66' title='bbox 1194 1135 1310 1193; x_wconf 74' lang='lat' dir='ltr'>viarum</span> <span class='ocrx_word' id='word_1_67' title='bbox 1337 1132 1543 1192; x_wconf 85' lang='lat' dir='ltr'>faciendarum</span> 
     </span>
     <span class='ocr_line' id='line_1_8' title="bbox 209 1234 1544 1313; baseline -0.001 -20"><span class='ocrx_word' id='word_1_68' title='bbox 209 1243 239 1293; x_wconf 90' lang='lat' dir='ltr'>et</span> <span class='ocrx_word' id='word_1_69' title='bbox 265 1235 490 1294; x_wconf 85' lang='lat' dir='ltr'>reficiendarum</span> <span class='ocrx_word' id='word_1_70' title='bbox 508 1254 627 1294; x_wconf 91' lang='lat' dir='ltr'>munus</span> <span class='ocrx_word' id='word_1_71' title='bbox 655 1237 691 1293; x_wconf 94' lang='lat' dir='ltr'>iis</span> <span class='ocrx_word' id='word_1_72' title='bbox 719 1237 769 1311; x_wconf 90' lang='lat' dir='ltr'>qui</span> <span class='ocrx_word' id='word_1_73' title='bbox 795 1237 875 1294; x_wconf 91' lang='lat' dir='ltr'>intra</span> <span class='ocrx_word' id='word_1_74' title='bbox 901 1237 975 1295; x_wconf 86' lang='lat' dir='ltr'>fines</span> <span class='ocrx_word' id='word_1_75' title='bbox 1003 1237 1114 1295; x_wconf 87' lang='lat' dir='ltr'>metalli</span> <span class='ocrx_word' id='word_1_76' title='bbox 1142 1235 1335 1313; x_wconf 86' lang='lat' dir='ltr'>Vipascensis</span> <span class='ocrx_word' id='word_1_77' title='bbox 1363 1234 1544 1293; x_wconf 87' lang='lat' dir='ltr'>habitabant</span> 
     </span>
     <span class='ocr_line' id='line_1_9' title="bbox 210 1336 1544 1414; baseline -0.001 -20"><span class='ocrx_word' id='word_1_78' title='bbox 210 1336 348 1394; x_wconf 88' lang='lat' dir='ltr'>similiter</span> <span class='ocrx_word' id='word_1_79' title='bbox 372 1336 515 1395; x_wconf 91' lang='lat' dir='ltr'>indictum</span> <span class='ocrx_word' id='word_1_80' title='bbox 542 1344 588 1395; x_wconf 91' lang='lat' dir='ltr'>est</span> <span class='ocrx_word' id='word_1_81' title='bbox 614 1346 701 1413; x_wconf 88' lang='lat' dir='ltr'>atque</span> <span class='ocrx_word' id='word_1_82' title='bbox 723 1337 910 1397; x_wconf 80' lang='lat' dir='ltr'>indicebatur</span> <span class='ocrx_word' id='word_1_83' title='bbox 932 1338 1048 1396; x_wconf 86' lang='lat' dir='ltr'>civibus</span> <span class='ocrx_word' id='word_1_84' title='bbox 1074 1339 1118 1397; x_wconf 91' lang='lat' dir='ltr'>rei</span> <span class='ocrx_word' id='word_1_85' title='bbox 1140 1338 1278 1414; x_wconf 91' lang='lat' dir='ltr'>publicae</span> <span class='ocrx_word' id='word_1_86' title='bbox 1299 1337 1544 1413; x_wconf 88' lang='lat' dir='ltr'>qualiscumque;</span> 
     </span>
     <span class='ocr_line' id='line_1_10' title="bbox 210 1439 1542 1517; baseline -0.001 -22"><span class='ocrx_word' id='word_1_87' title='bbox 210 1439 396 1498; x_wconf 79' lang='lat' dir='ltr'>indicebatur</span> <span class='ocrx_word' id='word_1_88' title='bbox 422 1447 521 1496; x_wconf 92' lang='lat' dir='ltr'>autem</span> <span class='ocrx_word' id='word_1_89' title='bbox 550 1447 581 1496; x_wconf 92' lang='lat' dir='ltr'>ut</span> <span class='ocrx_word' id='word_1_90' title='bbox 606 1440 654 1497; x_wconf 89' lang='lat' dir='ltr'>his</span> <span class='ocrx_word' id='word_1_91' title='bbox 677 1459 695 1497; x_wconf 92' lang='lat' dir='ltr'>a</span> <span class='ocrx_word' id='word_1_92' title='bbox 716 1440 940 1516; x_wconf 86' lang='lat' dir='ltr'>magistratibus</span> <span class='ocrx_word' id='word_1_93' title='bbox 968 1442 1041 1512; x_wconf 90' lang='lat' dir='ltr'>suis,</span> <span class='ocrx_word' id='word_1_94' title='bbox 1068 1440 1111 1498; x_wconf 89' lang='lat' dir='ltr'>ita</span> <span class='ocrx_word' id='word_1_95' title='bbox 1137 1440 1197 1498; x_wconf 91' lang='lat' dir='ltr'>illis</span> <span class='ocrx_word' id='word_1_96' title='bbox 1227 1449 1460 1517; x_wconf 89' lang='lat' dir='ltr'>aprocuratore</span> <span class='ocrx_word' id='word_1_97' title='bbox 1481 1456 1542 1496; x_wconf 92' lang='lat' dir='ltr'>me·</span> 
     </span>
     <span class='ocr_line' id='line_1_11' title="bbox 211 1540 1499 1619; baseline 0.001 -22"><span class='ocrx_word' id='word_1_98' title='bbox 211 1540 361 1611; x_wconf 90' lang='lat' dir='ltr'>tallorum,</span> <span class='ocrx_word' id='word_1_99' title='bbox 384 1558 470 1615; x_wconf 89' lang='lat' dir='ltr'>quem</span> <span class='ocrx_word' id='word_1_100' title='bbox 493 1559 547 1618; x_wconf 92' lang='lat' dir='ltr'>pro</span> <span class='ocrx_word' id='word_1_101' title='bbox 569 1542 747 1619; x_wconf 87' lang='lat' dir='ltr'>magistratu</span> <span class='ocrx_word' id='word_1_102' title='bbox 769 1543 799 1599; x_wconf 94' lang='lat' dir='ltr'>in</span> <span class='ocrx_word' id='word_1_103' title='bbox 823 1543 870 1600; x_wconf 91' lang='lat' dir='ltr'>his</span> <span class='ocrx_word' id='word_1_104' title='bbox 893 1543 1050 1601; x_wconf 86' lang='lat' dir='ltr'>territoriis</span> <span class='ocrx_word' id='word_1_105' title='bbox 1072 1542 1164 1601; x_wconf 85' lang='lat' dir='ltr'>luisse</span> <span class='ocrx_word' id='word_1_106' title='bbox 1186 1549 1419 1600; x_wconf 90' lang='lat' dir='ltr'>consentaneum</span> <span class='ocrx_word' id='word_1_107' title='bbox 1442 1547 1499 1598; x_wconf 91' lang='lat' dir='ltr'>est.</span> 
     </span>
    </p>

    <p class='ocr_par' dir='ltr' id='par_1_3' title="bbox 180 1640 1554 3554">
     <span class='ocr_line' id='line_1_12' title="bbox 295 1640 1544 1722; baseline 0.002 -24"><span class='ocrx_word' id='word_1_108' title='bbox 295 1640 402 1718; x_wconf 87' lang='lat' dir='ltr'>Neque</span> <span class='ocrx_word' id='word_1_109' title='bbox 429 1643 575 1701; x_wconf 90' lang='lat' dir='ltr'>eiusmodi</span> <span class='ocrx_word' id='word_1_110' title='bbox 603 1642 751 1701; x_wconf 85' lang='lat' dir='ltr'>ordinatio</span> <span class='ocrx_word' id='word_1_111' title='bbox 780 1645 818 1701; x_wconf 91' lang='lat' dir='ltr'>ad</span> <span class='ocrx_word' id='word_1_112' title='bbox 846 1644 966 1702; x_wconf 88' lang='lat' dir='ltr'>metalla</span> <span class='ocrx_word' id='word_1_113' title='bbox 988 1645 1052 1703; x_wconf 85' lang='lat' dir='ltr'>sola</span> <span class='ocrx_word' id='word_1_114' title='bbox 1077 1645 1228 1722; x_wconf 88' lang='lat' dir='ltr'>pertinuit.</span> <span class='ocrx_word' id='word_1_115' title='bbox 1272 1641 1371 1702; x_wconf 88' lang='lat' dir='ltr'>Simili</span> <span class='ocrx_word' id='word_1_116' title='bbox 1393 1643 1457 1701; x_wconf 87' lang='lat' dir='ltr'>iure</span> <span class='ocrx_word' id='word_1_117' title='bbox 1479 1642 1544 1700; x_wconf 87' lang='lat' dir='ltr'>lue·</span> 
     </span>
     <span class='ocr_line' id='line_1_13' title="bbox 213 1743 1545 1822; baseline -0.001 -20"><span class='ocrx_word' id='word_1_118' title='bbox 213 1745 273 1802; x_wconf 89' lang='lat' dir='ltr'>rint</span> <span class='ocrx_word' id='word_1_119' title='bbox 294 1762 416 1803; x_wconf 89' lang='lat' dir='ltr'>necesse</span> <span class='ocrx_word' id='word_1_120' title='bbox 431 1752 479 1802; x_wconf 90' lang='lat' dir='ltr'>est</span> <span class='ocrx_word' id='word_1_121' title='bbox 501 1745 649 1803; x_wconf 90' lang='lat' dir='ltr'>territoria</span> <span class='ocrx_word' id='word_1_122' title='bbox 669 1745 835 1821; x_wconf 87' lang='lat' dir='ltr'>legionibus</span> <span class='ocrx_word' id='word_1_123' title='bbox 858 1747 1009 1816; x_wconf 86' lang='lat' dir='ltr'>attributa,</span> <span class='ocrx_word' id='word_1_124' title='bbox 1031 1765 1108 1822; x_wconf 89' lang='lat' dir='ltr'>quae</span> <span class='ocrx_word' id='word_1_125' title='bbox 1130 1748 1325 1805; x_wconf 92' lang='lat' dir='ltr'>innotuerunt</span> <span class='ocrx_word' id='word_1_126' title='bbox 1346 1763 1384 1802; x_wconf 86' lang='lat' dir='ltr'>ex</span> <span class='ocrx_word' id='word_1_127' title='bbox 1406 1743 1545 1802; x_wconf 89' lang='lat' dir='ltr'>terminis</span> 
     </span>
     <span class='ocr_line' id='line_1_14' title="bbox 212 1845 1546 1925; baseline 0.001 -23"><span class='ocrx_word' id='word_1_128' title='bbox 212 1845 359 1921; x_wconf 90' lang='lat' dir='ltr'>Hispanis</span> <span class='ocrx_word' id='word_1_129' title='bbox 382 1846 536 1904; x_wconf 89' lang='lat' dir='ltr'>collocatis</span> <span class='ocrx_word' id='word_1_130' title='bbox 564 1847 600 1905; x_wconf 88' lang='lat' dir='ltr'>ad</span> <span class='ocrx_word' id='word_1_131' title='bbox 623 1847 782 1905; x_wconf 81' lang='lat' dir='ltr'>dividenda</span> <span class='ocrx_word' id='word_1_132' title='bbox 808 1856 895 1923; x_wconf 87' lang='lat' dir='ltr'>prata</span> <span class='ocrx_word' id='word_1_133' title='bbox 921 1849 1048 1924; x_wconf 84' lang='lat' dir='ltr'>legionis</span> <span class='ocrx_word' id='word_1_134' title='bbox 1070 1849 1133 1906; x_wconf 95' lang='lat' dir='ltr'>IllI</span> <span class='ocrx_word' id='word_1_135' title='bbox 1156 1858 1186 1906; x_wconf 88' lang='lat' dir='ltr'>et</span> <span class='ocrx_word' id='word_1_136' title='bbox 1214 1867 1318 1925; x_wconf 87' lang='lat' dir='ltr'>agrum</span> <span class='ocrx_word' id='word_1_137' title='bbox 1344 1846 1546 1922; x_wconf 86' lang='lat' dir='ltr'>Iuliobrigen-</span> 
     </span>
     <span class='ocr_line' id='line_1_15' title="bbox 180 1930 1545 2027; baseline 0.001 -22"><span class='ocrx_word' id='word_1_138' title='bbox 180 1930 187 1949; x_wconf 78' lang='grc'><em>’</em></span> <span class='ocrx_word' id='word_1_139' title='bbox 214 1967 276 2005; x_wconf 88' lang='lat' dir='ltr'>sem</span> <span class='ocrx_word' id='word_1_140' title='bbox 303 1948 377 2023; x_wconf 88' lang='lat' dir='ltr'>(vol.</span> <span class='ocrx_word' id='word_1_141' title='bbox 393 1948 425 2006; x_wconf 95' lang='lat' dir='ltr'>Il</span> <span class='ocrx_word' id='word_1_142' title='bbox 447 1968 476 2007; x_wconf 93' lang='lat' dir='ltr'>n.</span> <span class='ocrx_word' id='word_1_143' title='bbox 493 1947 604 2024; x_wconf 80' lang='lat'>2916),</span> <span class='ocrx_word' id='word_1_144' title='bbox 637 1951 708 2006; x_wconf 89' lang='lat' dir='ltr'>item</span> <span class='ocrx_word' id='word_1_145' title='bbox 735 1969 773 2008; x_wconf 86' lang='lat' dir='ltr'>ex</span> <span class='ocrx_word' id='word_1_146' title='bbox 801 1950 889 2008; x_wconf 90' lang='lat' dir='ltr'>titulo</span> <span class='ocrx_word' id='word_1_147' title='bbox 916 1969 1011 2025; x_wconf 88' lang='lat' dir='ltr'>nuper</span> <span class='ocrx_word' id='word_1_148' title='bbox 1036 1961 1155 2026; x_wconf 88' lang='lat' dir='ltr'>reperto</span> <span class='ocrx_word' id='word_1_149' title='bbox 1182 1949 1312 2027; x_wconf 79' lang='lat' dir='ltr'>Aquinci</span> <span class='ocrx_word' id='word_1_150' title='bbox 1345 1948 1448 2023; x_wconf 88' lang='lat' dir='ltr'>(huius</span> <span class='ocrx_word' id='word_1_151' title='bbox 1476 1949 1545 2024; x_wconf 84' lang='lat' dir='ltr'>eph.</span> 
     </span>
     <span class='ocr_line' id='line_1_16' title="bbox 214 2048 1545 2128; baseline -0.001 -20"><span class='ocrx_word' id='word_1_152' title='bbox 214 2049 312 2108; x_wconf 70' lang='lat' dir='ltr'>voli</span> <span class='ocrx_word' id='word_1_153' title='bbox 341 2069 369 2125; x_wconf 92' lang='lat' dir='ltr'>p.</span> <span class='ocrx_word' id='word_1_154' title='bbox 392 2048 451 2108; x_wconf 88' lang='grc'>382</span> <span class='ocrx_word' id='word_1_155' title='bbox 479 2070 508 2107; x_wconf 94' lang='lat' dir='ltr'>n.</span> <span class='ocrx_word' id='word_1_156' title='bbox 530 2049 604 2125; x_wconf 85' lang='grc'>696)</span> <span class='ocrx_word' id='word_1_157' title='bbox 639 2051 737 2109; x_wconf 89' lang='lat' dir='ltr'>balnei</span> <span class='ocrx_word' id='word_1_158' title='bbox 765 2070 783 2108; x_wconf 92' lang='lat' dir='ltr'>a</span> <span class='ocrx_word' id='word_1_159' title='bbox 810 2052 876 2110; x_wconf 92' lang='lat' dir='ltr'>solo</span> <span class='ocrx_word' id='word_1_160' title='bbox 904 2052 974 2111; x_wconf 87' lang='lat' dir='ltr'>lacti</span> <span class='ocrx_word' id='word_1_161' title='bbox 1002 2057 1143 2111; x_wconf 85' lang='lat' dir='ltr'>territorio</span> <span class='ocrx_word' id='word_1_162' title='bbox 1172 2053 1292 2128; x_wconf 66' lang='lat' dir='ltr'>legionis</span> <span class='ocrx_word' id='word_1_163' title='bbox 1320 2051 1359 2107; x_wconf 90' lang='lat' dir='ltr'>Il</span> <span class='ocrx_word' id='word_1_164' title='bbox 1382 2053 1545 2109; x_wconf 83' lang='lat' dir='ltr'>adlatricis.</span> 
     </span>
     <span class='ocr_line' id='line_1_17' title="bbox 214 2151 1545 2229; baseline 0 -20"><span class='ocrx_word' id='word_1_165' title='bbox 214 2151 294 2210; x_wconf 89' lang='lat' dir='ltr'>Nam</span> <span class='ocrx_word' id='word_1_166' title='bbox 315 2151 370 2209; x_wconf 90' lang='lat' dir='ltr'>illa</span> <span class='ocrx_word' id='word_1_167' title='bbox 391 2152 513 2226; x_wconf 90' lang='lat' dir='ltr'>praedia</span> <span class='ocrx_word' id='word_1_168' title='bbox 535 2158 661 2223; x_wconf 90' lang='lat' dir='ltr'>constat,</span> <span class='ocrx_word' id='word_1_169' title='bbox 687 2155 760 2212; x_wconf 88' lang='lat' dir='ltr'>haec</span> <span class='ocrx_word' id='word_1_170' title='bbox 786 2154 943 2229; x_wconf 89' lang='lat' dir='ltr'>probabile</span> <span class='ocrx_word' id='word_1_171' title='bbox 966 2163 1012 2213; x_wconf 90' lang='lat' dir='ltr'>cst</span> <span class='ocrx_word' id='word_1_172' title='bbox 1038 2155 1131 2213; x_wconf 87' lang='lat' dir='ltr'>fuisse</span> <span class='ocrx_word' id='word_1_173' title='bbox 1158 2164 1245 2212; x_wconf 84' lang='lat' dir='ltr'>extra</span> <span class='ocrx_word' id='word_1_174' title='bbox 1273 2153 1424 2211; x_wconf 87' lang='lat' dir='ltr'>territoria</span> <span class='ocrx_word' id='word_1_175' title='bbox 1446 2171 1545 2210; x_wconf 90' lang='lat' dir='ltr'>rerum</span> 
     </span>
     <span class='ocr_line' id='line_1_18' title="bbox 216 2253 1545 2333; baseline 0.001 -23"><span class='ocrx_word' id='word_1_176' title='bbox 216 2253 410 2329; x_wconf 90' lang='lat' dir='ltr'>publicarum.</span> <span class='ocrx_word' id='word_1_177' title='bbox 447 2253 562 2312; x_wconf 88' lang='lat' dir='ltr'>Eodem</span> <span class='ocrx_word' id='word_1_178' title='bbox 577 2254 658 2314; x_wconf 89' lang='lat' dir='ltr'>ducit</span> <span class='ocrx_word' id='word_1_179' title='bbox 672 2256 751 2330; x_wconf 87' lang='lat' dir='ltr'>quod</span> <span class='ocrx_word' id='word_1_180' title='bbox 767 2255 872 2314; x_wconf 88' lang='lat' dir='ltr'>scribit</span> <span class='ocrx_word' id='word_1_181' title='bbox 887 2255 1051 2314; x_wconf 86' lang='lat' dir='ltr'>Frontinus</span> <span class='ocrx_word' id='word_1_182' title='bbox 1067 2256 1103 2313; x_wconf 91' lang='lat' dir='ltr'>de</span> <span class='ocrx_word' id='word_1_183' title='bbox 1117 2265 1212 2314; x_wconf 89' lang='lat' dir='ltr'>contr.</span> <span class='ocrx_word' id='word_1_184' title='bbox 1228 2274 1291 2333; x_wconf 91' lang='lat' dir='ltr'>agr.</span> <span class='ocrx_word' id='word_1_185' title='bbox 1308 2273 1338 2330; x_wconf 93' lang='lat' dir='ltr'>p.</span> <span class='ocrx_word' id='word_1_186' title='bbox 1350 2254 1390 2313; x_wconf 83' lang='lat'>46</span> <span class='ocrx_word' id='word_1_187' title='bbox 1405 2253 1545 2313; x_wconf 88' lang='lat' dir='ltr'>Lachm.:</span> 
     </span>
     <span class='ocr_line' id='line_1_19' title="bbox 216 2356 1548 2431; baseline 0.001 -20"><span class='ocrx_word' id='word_1_188' title='bbox 216 2359 288 2412; x_wconf 83' lang='lat' dir='ltr'>inter</span> <span class='ocrx_word' id='word_1_189' title='bbox 309 2372 355 2412; x_wconf 85' lang='lat' dir='ltr'>res</span> <span class='ocrx_word' id='word_1_190' title='bbox 379 2356 513 2429; x_wconf 83' lang='lat' dir='ltr'>publicas</span> <span class='ocrx_word' id='word_1_191' title='bbox 540 2375 595 2413; x_wconf 84' lang='lat' dir='ltr'>aon</span> <span class='ocrx_word' id='word_1_192' title='bbox 623 2359 800 2415; x_wconf 82' lang='lat' dir='ltr'>mediocriter</span> <span class='ocrx_word' id='word_1_193' title='bbox 826 2359 984 2416; x_wconf 82' lang='lat' dir='ltr'>eiusmodi</span> <span class='ocrx_word' id='word_1_194' title='bbox 1011 2357 1139 2431; x_wconf 91' lang='lat' dir='ltr'>(scilicet</span> <span class='ocrx_word' id='word_1_195' title='bbox 1160 2358 1197 2415; x_wconf 89' lang='lat' dir='ltr'>de</span> <span class='ocrx_word' id='word_1_196' title='bbox 1223 2357 1324 2431; x_wconf 93' lang='lat' dir='ltr'>modo)</span> <span class='ocrx_word' id='word_1_197' title='bbox 1355 2360 1548 2414; x_wconf 71' lang='lat' dir='ltr'>contravenio</span> 
     </span>
     <span class='ocr_line' id='line_1_20' title="bbox 216 2457 1548 2534; baseline 0 -20"><span class='ocrx_word' id='word_1_198' title='bbox 216 2457 286 2514; x_wconf 87' lang='lat' dir='ltr'>solet</span> <span class='ocrx_word' id='word_1_199' title='bbox 308 2462 437 2527; x_wconf 72' lang='lat' dir='ltr'>exerceri,</span> <span class='ocrx_word' id='word_1_200' title='bbox 459 2475 544 2532; x_wconf 85' lang='lat' dir='ltr'>qaam</span> <span class='ocrx_word' id='word_1_201' title='bbox 559 2459 726 2534; x_wconf 78' lang='lat' dir='ltr'>frequenter</span> <span class='ocrx_word' id='word_1_202' title='bbox 748 2460 875 2518; x_wconf 82' lang='lat' dir='ltr'>coloniae</span> <span class='ocrx_word' id='word_1_203' title='bbox 895 2459 996 2518; x_wconf 82' lang='lat' dir='ltr'>labent</span> <span class='ocrx_word' id='word_1_204' title='bbox 1018 2477 1080 2517; x_wconf 83' lang='lat' dir='ltr'>cam</span> <span class='ocrx_word' id='word_1_205' title='bbox 1101 2459 1219 2517; x_wconf 82' lang='lat' dir='ltr'>coloniis</span> <span class='ocrx_word' id='word_1_206' title='bbox 1241 2468 1292 2515; x_wconf 85' lang='lat' dir='ltr'>aut</span> <span class='ocrx_word' id='word_1_207' title='bbox 1313 2461 1475 2534; x_wconf 73' lang='lat' dir='ltr'>manierpiis</span> <span class='ocrx_word' id='word_1_208' title='bbox 1497 2465 1548 2514; x_wconf 83' lang='lat' dir='ltr'>aut</span> 
     </span>
     <span class='ocr_line' id='line_1_21' title="bbox 216 2557 1548 2637; baseline 0.001 -21"><span class='ocrx_word' id='word_1_209' title='bbox 216 2559 337 2617; x_wconf 83' lang='lat' dir='ltr'>saltibus</span> <span class='ocrx_word' id='word_1_210' title='bbox 363 2557 498 2617; x_wconf 81' lang='lat' dir='ltr'>Caesaris</span> <span class='ocrx_word' id='word_1_211' title='bbox 526 2569 576 2618; x_wconf 84' lang='lat' dir='ltr'>aut</span> <span class='ocrx_word' id='word_1_212' title='bbox 598 2564 732 2634; x_wconf 64' lang='lat' dir='ltr'>pacatis.</span> <span class='ocrx_word' id='word_1_213' title='bbox 775 2559 812 2617; x_wconf 90' lang='lat' dir='ltr'>In</span> <span class='ocrx_word' id='word_1_214' title='bbox 841 2561 1012 2620; x_wconf 86' lang='lat' dir='ltr'>universum</span> <span class='ocrx_word' id='word_1_215' title='bbox 1042 2560 1165 2637; x_wconf 90' lang='lat' dir='ltr'>praedia</span> <span class='ocrx_word' id='word_1_216' title='bbox 1192 2559 1310 2619; x_wconf 90' lang='lat' dir='ltr'>fiscalia</span> <span class='ocrx_word' id='word_1_217' title='bbox 1337 2567 1548 2634; x_wconf 87' lang='lat' dir='ltr'>procuratores</span> 
     </span>
     <span class='ocr_line' id='line_1_22' title="bbox 217 2656 1548 2736; baseline 0 -18"><span class='ocrx_word' id='word_1_218' title='bbox 217 2678 289 2719; x_wconf 91' lang='lat' dir='ltr'>suos</span> <span class='ocrx_word' id='word_1_219' title='bbox 317 2660 466 2732; x_wconf 88' lang='lat' dir='ltr'>habentia,</span> <span class='ocrx_word' id='word_1_220' title='bbox 499 2660 600 2735; x_wconf 87' lang='lat' dir='ltr'>qualia</span> <span class='ocrx_word' id='word_1_221' title='bbox 627 2671 697 2720; x_wconf 91' lang='lat' dir='ltr'>sunt</span> <span class='ocrx_word' id='word_1_222' title='bbox 725 2663 817 2721; x_wconf 85' lang='lat' dir='ltr'>saltas</span> <span class='ocrx_word' id='word_1_223' title='bbox 847 2663 1093 2722; x_wconf 80' lang='lat' dir='ltr'>Carminiaaeases</span> <span class='ocrx_word' id='word_1_224' title='bbox 1120 2667 1151 2720; x_wconf 85' lang='lat' dir='ltr'>in</span> <span class='ocrx_word' id='word_1_225' title='bbox 1177 2660 1317 2719; x_wconf 72' lang='lat' dir='ltr'>Calabria</span> <span class='ocrx_word' id='word_1_226' title='bbox 1346 2659 1432 2735; x_wconf 89' lang='lat' dir='ltr'>(Not.</span> <span class='ocrx_word' id='word_1_227' title='bbox 1457 2656 1548 2736; x_wconf 87' lang='lat' dir='ltr'>Dign.</span> 
     </span>
     <span class='ocr_line' id='line_1_23' title="bbox 217 2743 1551 2840; baseline -0.002 -19"><span class='ocrx_word' id='word_1_228' title='bbox 217 2760 288 2822; x_wconf 87' lang='lat' dir='ltr'>Oce.</span> <span class='ocrx_word' id='word_1_229' title='bbox 313 2760 360 2835; x_wconf 84' lang='grc'>12,</span> <span class='ocrx_word' id='word_1_230' title='bbox 384 2762 420 2820; x_wconf 89' lang='lat'>18</span> <span class='ocrx_word' id='word_1_231' title='bbox 449 2743 574 2836; x_wconf 72' lang='lat' dir='ltr'>Seecld),</span> <span class='ocrx_word' id='word_1_232' title='bbox 605 2765 731 2837; x_wconf 85' lang='lat' dir='ltr'>praedia</span> <span class='ocrx_word' id='word_1_233' title='bbox 756 2764 880 2823; x_wconf 82' lang='lat' dir='ltr'>saltuum</span> <span class='ocrx_word' id='word_1_234' title='bbox 906 2765 1102 2840; x_wconf 81' lang='lat' dir='ltr'>Hipponensis</span> <span class='ocrx_word' id='word_1_235' title='bbox 1136 2775 1162 2822; x_wconf 87' lang='lat' dir='ltr'>et</span> <span class='ocrx_word' id='word_1_236' title='bbox 1191 2763 1354 2822; x_wconf 73' lang='lat' dir='ltr'>Thevestini</span> <span class='ocrx_word' id='word_1_237' title='bbox 1385 2762 1416 2818; x_wconf 92' lang='lat' dir='ltr'>in</span> <span class='ocrx_word' id='word_1_238' title='bbox 1444 2760 1551 2819; x_wconf 77' lang='lat' dir='ltr'>Africa</span> 
     </span>
     <span class='ocr_line' id='line_1_24' title="bbox 219 2863 1550 2943; baseline 0 -22"><span class='ocrx_word' id='word_1_239' title='bbox 219 2863 344 2938; x_wconf 88' lang='lat' dir='ltr'>(Renier</span> <span class='ocrx_word' id='word_1_240' title='bbox 366 2883 395 2920; x_wconf 93' lang='lat' dir='ltr'>n.</span> <span class='ocrx_word' id='word_1_241' title='bbox 411 2863 518 2938; x_wconf 76' lang='lat'>2343),</span> <span class='ocrx_word' id='word_1_242' title='bbox 552 2863 612 2921; x_wconf 88' lang='lat' dir='ltr'>alia</span> <span class='ocrx_word' id='word_1_243' title='bbox 644 2864 799 2941; x_wconf 81' lang='lat' dir='ltr'>diligenter</span> <span class='ocrx_word' id='word_1_244' title='bbox 831 2885 927 2943; x_wconf 92' lang='lat' dir='ltr'>nuper</span> <span class='ocrx_word' id='word_1_245' title='bbox 954 2867 1121 2940; x_wconf 90' lang='lat' dir='ltr'>composita</span> <span class='ocrx_word' id='word_1_246' title='bbox 1148 2867 1186 2923; x_wconf 87' lang='lat' dir='ltr'>ab</span> <span class='ocrx_word' id='word_1_247' title='bbox 1213 2863 1417 2922; x_wconf 86' lang='lat' dir='ltr'>Hirschfeldio</span> <span class='ocrx_word' id='word_1_248' title='bbox 1445 2871 1550 2921; x_wconf 89' lang='lat' dir='ltr'>nostro</span> 
     </span>
     <span class='ocr_line' id='line_1_25' title="bbox 219 2964 1551 3042; baseline 0 -20"><span class='ocrx_word' id='word_1_249' title='bbox 219 2964 511 3039; x_wconf 78' lang='lat' dir='ltr'>(Staatsuerwaltanp</span> <span class='ocrx_word' id='word_1_250' title='bbox 533 2983 562 3039; x_wconf 94' lang='lat' dir='ltr'>p.</span> <span class='ocrx_word' id='word_1_251' title='bbox 580 2964 619 3022; x_wconf 80' lang='grc'>24</span> <span class='ocrx_word' id='word_1_252' title='bbox 632 2966 718 3041; x_wconf 88' lang='lat' dir='ltr'>seq.)‚</span> <span class='ocrx_word' id='word_1_253' title='bbox 740 2966 896 3042; x_wconf 91' lang='lat' dir='ltr'>probabile</span> <span class='ocrx_word' id='word_1_254' title='bbox 915 2978 960 3025; x_wconf 91' lang='lat' dir='ltr'>est</span> <span class='ocrx_word' id='word_1_255' title='bbox 981 2967 1075 3026; x_wconf 86' lang='lat' dir='ltr'>fuisse</span> <span class='ocrx_word' id='word_1_256' title='bbox 1098 2974 1185 3024; x_wconf 86' lang='lat' dir='ltr'>extra</span> <span class='ocrx_word' id='word_1_257' title='bbox 1206 2966 1357 3024; x_wconf 85' lang='lat' dir='ltr'>territoria</span> <span class='ocrx_word' id='word_1_258' title='bbox 1378 2965 1551 3023; x_wconf 88' lang='lat' dir='ltr'>civitatibus</span> 
     </span>
     <span class='ocr_line' id='line_1_26' title="bbox 219 3066 1553 3144; baseline -0.001 -20"><span class='ocrx_word' id='word_1_259' title='bbox 219 3066 362 3124; x_wconf 89' lang='lat' dir='ltr'>attributa</span> <span class='ocrx_word' id='word_1_260' title='bbox 386 3084 482 3141; x_wconf 91' lang='lat' dir='ltr'>neque</span> <span class='ocrx_word' id='word_1_261' title='bbox 508 3067 700 3144; x_wconf 83' lang='lat' dir='ltr'>magistratus</span> <span class='ocrx_word' id='word_1_262' title='bbox 729 3067 806 3125; x_wconf 90' lang='lat' dir='ltr'>ullos</span> <span class='ocrx_word' id='word_1_263' title='bbox 833 3068 983 3141; x_wconf 88' lang='lat' dir='ltr'>habuisse,</span> <span class='ocrx_word' id='word_1_264' title='bbox 1012 3070 1064 3127; x_wconf 90' lang='lat' dir='ltr'>sed</span> <span class='ocrx_word' id='word_1_265' title='bbox 1092 3069 1189 3126; x_wconf 91' lang='lat' dir='ltr'>locum</span> <span class='ocrx_word' id='word_1_266' title='bbox 1216 3068 1447 3144; x_wconf 78' lang='lat' dir='ltr'>magistratuum</span> <span class='ocrx_word' id='word_1_267' title='bbox 1474 3067 1553 3124; x_wconf 90' lang='lat' dir='ltr'>obti-</span> 
     </span>
     <span class='ocr_line' id='line_1_27' title="bbox 220 3167 1551 3247; baseline -0.002 -20"><span class='ocrx_word' id='word_1_268' title='bbox 220 3168 322 3227; x_wconf 92' lang='lat' dir='ltr'>nuisse</span> <span class='ocrx_word' id='word_1_269' title='bbox 344 3176 564 3245; x_wconf 89' lang='lat' dir='ltr'>procuratores.</span> <span class='ocrx_word' id='word_1_270' title='bbox 608 3167 656 3226; x_wconf 90' lang='lat' dir='ltr'>Ne</span> <span class='ocrx_word' id='word_1_271' title='bbox 684 3169 868 3245; x_wconf 88' lang='lat' dir='ltr'>privatorum</span> <span class='ocrx_word' id='word_1_272' title='bbox 893 3170 1012 3245; x_wconf 89' lang='lat' dir='ltr'>quidem</span> <span class='ocrx_word' id='word_1_273' title='bbox 1040 3171 1250 3247; x_wconf 88' lang='lat' dir='ltr'>possessiones</span> <span class='ocrx_word' id='word_1_274' title='bbox 1274 3168 1411 3228; x_wconf 90' lang='lat' dir='ltr'>similiter</span> <span class='ocrx_word' id='word_1_275' title='bbox 1431 3167 1551 3226; x_wconf 83' lang='lat' dir='ltr'>ordina-</span> 
     </span>
     <span class='ocr_line' id='line_1_28' title="bbox 221 3270 1552 3347; baseline 0 -20"><span class='ocrx_word' id='word_1_276' title='bbox 221 3280 267 3328; x_wconf 86' lang='lat' dir='ltr'>tas</span> <span class='ocrx_word' id='word_1_277' title='bbox 290 3287 358 3328; x_wconf 90' lang='lat' dir='ltr'>esse</span> <span class='ocrx_word' id='word_1_278' title='bbox 380 3270 513 3347; x_wconf 90' lang='lat' dir='ltr'>potuisse</span> <span class='ocrx_word' id='word_1_279' title='bbox 535 3271 719 3346; x_wconf 82' lang='lat' dir='ltr'>negaverim3</span> <span class='ocrx_word' id='word_1_280' title='bbox 748 3279 827 3331; x_wconf 87' lang='lat' dir='ltr'>certe</span> <span class='ocrx_word' id='word_1_281' title='bbox 851 3272 1012 3331; x_wconf 79' lang='lat' dir='ltr'>latifundia</span> <span class='ocrx_word' id='word_1_282' title='bbox 1039 3290 1095 3330; x_wconf 88' lang='lat' dir='ltr'>sex</span> <span class='ocrx_word' id='word_1_283' title='bbox 1120 3271 1241 3330; x_wconf 91' lang='lat' dir='ltr'>illorum</span> <span class='ocrx_word' id='word_1_284' title='bbox 1263 3271 1450 3329; x_wconf 89' lang='lat' dir='ltr'>dominorum</span> <span class='ocrx_word' id='word_1_285' title='bbox 1474 3286 1552 3346; x_wconf 89' lang='lat' dir='ltr'>quos</span> 
     </span>
     <span class='ocr_line' id='line_1_29' title="bbox 221 3371 1554 3449; baseline 0 -19"><span class='ocrx_word' id='word_1_286' title='bbox 221 3374 386 3448; x_wconf 85' lang='lat' dir='ltr'>imperante</span> <span class='ocrx_word' id='word_1_287' title='bbox 399 3371 520 3430; x_wconf 88' lang='lat' dir='ltr'>Nerone</span> <span class='ocrx_word' id='word_1_288' title='bbox 543 3373 698 3432; x_wconf 86' lang='lat' dir='ltr'>semissem</span> <span class='ocrx_word' id='word_1_289' title='bbox 713 3373 835 3433; x_wconf 85' lang='lat' dir='ltr'>Africae</span> <span class='ocrx_word' id='word_1_290' title='bbox 858 3375 1031 3449; x_wconf 88' lang='lat' dir='ltr'>possedisse</span> <span class='ocrx_word' id='word_1_291' title='bbox 1051 3373 1169 3432; x_wconf 88' lang='lat' dir='ltr'>Plinius</span> <span class='ocrx_word' id='word_1_292' title='bbox 1192 3373 1245 3443; x_wconf 89' lang='lat' dir='ltr'>ait,</span> <span class='ocrx_word' id='word_1_293' title='bbox 1267 3372 1320 3430; x_wconf 87' lang='lat' dir='ltr'>vix</span> <span class='ocrx_word' id='word_1_294' title='bbox 1343 3371 1486 3431; x_wconf 89' lang='lat' dir='ltr'>credibile</span> <span class='ocrx_word' id='word_1_295' title='bbox 1507 3380 1554 3430; x_wconf 89' lang='lat' dir='ltr'>est</span> 
     </span>
     <span class='ocr_line' id='line_1_30' title="bbox 221 3474 1159 3554; baseline 0.002 -22"><span class='ocrx_word' id='word_1_296' title='bbox 221 3474 330 3533; x_wconf 91' lang='lat' dir='ltr'>finibus</span> <span class='ocrx_word' id='word_1_297' title='bbox 352 3474 517 3533; x_wconf 86' lang='lat' dir='ltr'>civitatium</span> <span class='ocrx_word' id='word_1_298' title='bbox 539 3475 604 3533; x_wconf 90' lang='lat' dir='ltr'>eius</span> <span class='ocrx_word' id='word_1_299' title='bbox 626 3476 798 3551; x_wconf 87' lang='lat' dir='ltr'>provinciae</span> <span class='ocrx_word' id='word_1_300' title='bbox 820 3477 1037 3554; x_wconf 86' lang='lat' dir='ltr'>comprehensa</span> <span class='ocrx_word' id='word_1_301' title='bbox 1057 3475 1159 3535; x_wconf 85' lang='lat' dir='ltr'>luisse.</span> 
     </span>
    </p>

    <p class='ocr_par' dir='ltr' id='par_1_4' title="bbox 221 3575 1556 4162">
     <span class='ocr_line' id='line_1_31' title="bbox 304 3575 1555 3654; baseline -0.002 -20"><span class='ocrx_word' id='word_1_302' title='bbox 304 3575 421 3634; x_wconf 88' lang='lat' dir='ltr'>Eodem</span> <span class='ocrx_word' id='word_1_303' title='bbox 442 3576 539 3634; x_wconf 81' lang='lat' dir='ltr'>refero</span> <span class='ocrx_word' id='word_1_304' title='bbox 558 3595 636 3654; x_wconf 86' lang='lat' dir='ltr'>quse</span> <span class='ocrx_word' id='word_1_305' title='bbox 659 3576 780 3636; x_wconf 87' lang='lat' dir='ltr'>saeculo</span> <span class='ocrx_word' id='word_1_306' title='bbox 802 3577 906 3654; x_wconf 89' lang='lat' dir='ltr'>quinto</span> <span class='ocrx_word' id='word_1_307' title='bbox 921 3587 950 3637; x_wconf 88' lang='lat' dir='ltr'>et</span> <span class='ocrx_word' id='word_1_308' title='bbox 971 3578 1111 3654; x_wconf 86' lang='lat' dir='ltr'>deinceps</span> <span class='ocrx_word' id='word_1_309' title='bbox 1134 3578 1323 3636; x_wconf 87' lang='lat' dir='ltr'>inveniuntur</span> <span class='ocrx_word' id='word_1_310' title='bbox 1345 3594 1393 3634; x_wconf 88' lang='lat' dir='ltr'>res</span> <span class='ocrx_word' id='word_1_311' title='bbox 1414 3575 1555 3652; x_wconf 89' lang='lat' dir='ltr'>publicae</span> 
     </span>
     <span class='ocr_line' id='line_1_32' title="bbox 221 3675 1554 3754; baseline -0.001 -19"><span class='ocrx_word' id='word_1_312' title='bbox 221 3678 448 3754; x_wconf 86' lang='lat' dir='ltr'>magistratibus</span> <span class='ocrx_word' id='word_1_313' title='bbox 475 3678 636 3737; x_wconf 89' lang='lat' dir='ltr'>destitutae</span> <span class='ocrx_word' id='word_1_314' title='bbox 668 3689 699 3736; x_wconf 89' lang='lat' dir='ltr'>et</span> <span class='ocrx_word' id='word_1_315' title='bbox 726 3679 905 3739; x_wconf 91' lang='lat' dir='ltr'>constitutae</span> <span class='ocrx_word' id='word_1_316' title='bbox 937 3679 992 3739; x_wconf 93' lang='lat' dir='ltr'>sub</span> <span class='ocrx_word' id='word_1_317' title='bbox 1026 3679 1091 3738; x_wconf 92' lang='lat' dir='ltr'>solo</span> <span class='ocrx_word' id='word_1_318' title='bbox 1124 3675 1323 3753; x_wconf 76' lang='lat' dir='ltr'>defensore2).</span> <span class='ocrx_word' id='word_1_319' title='bbox 1368 3676 1554 3736; x_wconf 86' lang='lat' dir='ltr'>Crediderim</span> 
     </span>
     <span class='ocr_line' id='line_1_33' title="bbox 222 3779 1556 3842; baseline -0.001 -4"><span class='ocrx_word' id='word_1_320' title='bbox 222 3789 320 3839; x_wconf 91' lang='lat' dir='ltr'>autem</span> <span class='ocrx_word' id='word_1_321' title='bbox 343 3780 513 3839; x_wconf 86' lang='lat' dir='ltr'>universam</span> <span class='ocrx_word' id='word_1_322' title='bbox 540 3781 617 3838; x_wconf 84' lang='lat' dir='ltr'>lranc</span> <span class='ocrx_word' id='word_1_323' title='bbox 645 3780 863 3840; x_wconf 86' lang='lat' dir='ltr'>ordinationem</span> <span class='ocrx_word' id='word_1_324' title='bbox 886 3784 924 3842; x_wconf 91' lang='lat' dir='ltr'>ab</span> <span class='ocrx_word' id='word_1_325' title='bbox 945 3781 1089 3840; x_wconf 89' lang='lat' dir='ltr'>institutis</span> <span class='ocrx_word' id='word_1_326' title='bbox 1111 3779 1258 3838; x_wconf 90' lang='lat' dir='ltr'>Romanis</span> <span class='ocrx_word' id='word_1_327' title='bbox 1281 3780 1491 3838; x_wconf 87' lang='lat' dir='ltr'>abhorrentem</span> <span class='ocrx_word' id='word_1_328' title='bbox 1514 3798 1556 3838; x_wconf 89' lang='lat' dir='ltr'>ex</span> 
     </span>
     <span class='ocr_line' id='line_1_34' title="bbox 223 3881 1554 3960; baseline -0.001 -21"><span class='ocrx_word' id='word_1_329' title='bbox 223 3885 363 3959; x_wconf 85' lang='lat' dir='ltr'>Aegypto</span> <span class='ocrx_word' id='word_1_330' title='bbox 386 3882 533 3941; x_wconf 91' lang='lat' dir='ltr'>adscitam</span> <span class='ocrx_word' id='word_1_331' title='bbox 556 3899 632 3956; x_wconf 91' lang='lat' dir='ltr'>esse,</span> <span class='ocrx_word' id='word_1_332' title='bbox 660 3901 751 3959; x_wconf 90' lang='lat' dir='ltr'>quam</span> <span class='ocrx_word' id='word_1_333' title='bbox 777 3884 820 3941; x_wconf 92' lang='lat' dir='ltr'>rei</span> <span class='ocrx_word' id='word_1_334' title='bbox 850 3884 945 3942; x_wconf 89' lang='lat' dir='ltr'>fiscali</span> <span class='ocrx_word' id='word_1_335' title='bbox 968 3885 1075 3942; x_wconf 89' lang='lat' dir='ltr'>aetatis</span> <span class='ocrx_word' id='word_1_336' title='bbox 1101 3881 1310 3960; x_wconf 89' lang='lat' dir='ltr'>imperatoriae</span> <span class='ocrx_word' id='word_1_337' title='bbox 1331 3882 1554 3958; x_wconf 90' lang='lat' dir='ltr'>quodammodo</span> 
     </span>
     <span class='ocr_line' id='line_1_35' title="bbox 224 3982 1555 4060; baseline -0.001 -19"><span class='ocrx_word' id='word_1_338' title='bbox 224 4003 358 4043; x_wconf 91' lang='lat' dir='ltr'>normam</span> <span class='ocrx_word' id='word_1_339' title='bbox 381 3985 561 4060; x_wconf 88' lang='lat' dir='ltr'>imposuisse</span> <span class='ocrx_word' id='word_1_340' title='bbox 583 3985 657 4044; x_wconf 88' lang='lat' dir='ltr'>satis</span> <span class='ocrx_word' id='word_1_341' title='bbox 680 3985 834 4060; x_wconf 90' lang='lat' dir='ltr'>probabile</span> <span class='ocrx_word' id='word_1_342' title='bbox 857 3993 913 4044; x_wconf 87' lang='lat' dir='ltr'>est.</span> <span class='ocrx_word' id='word_1_343' title='bbox 958 3982 1047 4058; x_wconf 85' lang='lat' dir='ltr'>Quod</span> <span class='ocrx_word' id='word_1_344' title='bbox 1069 3986 1096 4043; x_wconf 91' lang='lat' dir='ltr'>si</span> <span class='ocrx_word' id='word_1_345' title='bbox 1117 3984 1160 4041; x_wconf 87' lang='lat' dir='ltr'>ita</span> <span class='ocrx_word' id='word_1_346' title='bbox 1181 3994 1237 4057; x_wconf 88' lang='lat' dir='ltr'>est,</span> <span class='ocrx_word' id='word_1_347' title='bbox 1261 3982 1358 4043; x_wconf 88' lang='lat' dir='ltr'>minus</span> <span class='ocrx_word' id='word_1_348' title='bbox 1377 3984 1555 4042; x_wconf 88' lang='lat' dir='ltr'>mirabimur</span> 
     </span>
     <span class='ocr_line' id='line_1_36' title="bbox 223 4085 1556 4162; baseline -0.002 -18"><span class='ocrx_word' id='word_1_349' title='bbox 223 4085 370 4145; x_wconf 92' lang='lat' dir='ltr'>eiusmodi</span> <span class='ocrx_word' id='word_1_350' title='bbox 396 4086 577 4145; x_wconf 86' lang='lat' dir='ltr'>territorium</span> <span class='ocrx_word' id='word_1_351' title='bbox 605 4105 707 4146; x_wconf 87' lang='lat' dir='ltr'>carere</span> <span class='ocrx_word' id='word_1_352' title='bbox 734 4088 855 4145; x_wconf 91' lang='lat' dir='ltr'>nomine</span> <span class='ocrx_word' id='word_1_353' title='bbox 877 4088 957 4146; x_wconf 91' lang='lat' dir='ltr'>iusto</span> <span class='ocrx_word' id='word_1_354' title='bbox 979 4085 1103 4145; x_wconf 86' lang='lat' dir='ltr'>Latino:</span> <span class='ocrx_word' id='word_1_355' title='bbox 1133 4095 1212 4144; x_wconf 90' lang='lat' dir='ltr'>certe</span> <span class='ocrx_word' id='word_1_356' title='bbox 1234 4086 1318 4145; x_wconf 87' lang='lat' dir='ltr'>vicus</span> <span class='ocrx_word' id='word_1_357' title='bbox 1340 4103 1412 4162; x_wconf 91' lang='lat' dir='ltr'>pars</span> <span class='ocrx_word' id='word_1_358' title='bbox 1438 4093 1485 4145; x_wconf 88' lang='lat' dir='ltr'>est</span> <span class='ocrx_word' id='word_1_359' title='bbox 1506 4101 1556 4144; x_wconf 88' lang='lat' dir='ltr'>co·</span> 
     </span>
    </p>
   </div>
   <div class='ocr_carea' id='block_1_3' title="bbox 224 4385 1561 5183">
    <p class='ocr_par' dir='ltr' id='par_1_5' title="bbox 224 4385 1559 4819">
     <span class='ocr_line' id='line_1_37' title="bbox 302 4385 1558 4453; baseline -0.002 -12"><span class='ocrx_word' id='word_1_360' title='bbox 302 4387 325 4450; x_wconf 84' lang='lat'>¹)</span> <span class='ocrx_word' id='word_1_361' title='bbox 364 4388 393 4441; x_wconf 91' lang='lat' dir='ltr'>Si</span> <span class='ocrx_word' id='word_1_362' title='bbox 413 4395 541 4438; x_wconf 83' lang='lat' dir='ltr'>seruatum</span> <span class='ocrx_word' id='word_1_363' title='bbox 559 4394 627 4438; x_wconf 84' lang='lat' dir='ltr'>esset</span> <span class='ocrx_word' id='word_1_364' title='bbox 645 4387 750 4437; x_wconf 84' lang='lat' dir='ltr'>verbam</span> <span class='ocrx_word' id='word_1_365' title='bbox 765 4401 816 4451; x_wconf 89' lang='lat' dir='ltr'>quo</span> <span class='ocrx_word' id='word_1_366' title='bbox 835 4386 902 4436; x_wconf 86' lang='lat' dir='ltr'>haec</span> <span class='ocrx_word' id='word_1_367' title='bbox 918 4391 1048 4449; x_wconf 84' lang='lat' dir='ltr'>reguntur,</span> <span class='ocrx_word' id='word_1_368' title='bbox 1068 4385 1178 4435; x_wconf 79' lang='lat' dir='ltr'>fortasse</span> <span class='ocrx_word' id='word_1_369' title='bbox 1190 4401 1271 4451; x_wconf 83' lang='lat' dir='ltr'>genus</span> <span class='ocrx_word' id='word_1_370' title='bbox 1290 4389 1354 4453; x_wconf 85' lang='lat' dir='ltr'>legis</span> <span class='ocrx_word' id='word_1_371' title='bbox 1366 4388 1442 4437; x_wconf 89' lang='lat' dir='ltr'>huius</span> <span class='ocrx_word' id='word_1_372' title='bbox 1462 4388 1558 4438; x_wconf 86' lang='lat' dir='ltr'>certius</span> 
     </span>
     <span class='ocr_line' id='line_1_38' title="bbox 224 4474 1558 4545; baseline 0 -16"><span class='ocrx_word' id='word_1_373' title='bbox 224 4480 285 4530; x_wconf 88' lang='lat' dir='ltr'>inde</span> <span class='ocrx_word' id='word_1_374' title='bbox 305 4481 463 4530; x_wconf 85' lang='lat' dir='ltr'>definiretur.</span> <span class='ocrx_word' id='word_1_375' title='bbox 501 4480 591 4530; x_wconf 87' lang='lat' dir='ltr'>Potest</span> <span class='ocrx_word' id='word_1_376' title='bbox 611 4479 716 4544; x_wconf 88' lang='lat' dir='ltr'>cogitari</span> <span class='ocrx_word' id='word_1_377' title='bbox 743 4478 775 4528; x_wconf 89' lang='lat' dir='ltr'>de</span> <span class='ocrx_word' id='word_1_378' title='bbox 794 4477 970 4543; x_wconf 87' lang='lat' dir='ltr'>supplemento</span> <span class='ocrx_word' id='word_1_379' title='bbox 990 4476 1036 4524; x_wconf 89' lang='lat' dir='ltr'>tali</span> <span class='ocrx_word' id='word_1_380' title='bbox 1058 4474 1123 4539; x_wconf 83' lang='lat' dir='ltr'>esa[e</span> <span class='ocrx_word' id='word_1_381' title='bbox 1141 4477 1220 4541; x_wconf 86' lang='lat' dir='ltr'>vola],</span> <span class='ocrx_word' id='word_1_382' title='bbox 1246 4486 1275 4528; x_wconf 90' lang='lat' dir='ltr'>ut</span> <span class='ocrx_word' id='word_1_383' title='bbox 1299 4480 1419 4544; x_wconf 89' lang='lat' dir='ltr'>loquatur</span> <span class='ocrx_word' id='word_1_384' title='bbox 1445 4481 1558 4545; x_wconf 87' lang='lat' dir='ltr'>impera·</span> 
     </span>
     <span class='ocr_line' id='line_1_39' title="bbox 224 4566 1559 4637; baseline 0.002 -19"><span class='ocrx_word' id='word_1_385' title='bbox 224 4579 273 4620; x_wconf 90' lang='lat' dir='ltr'>tor.</span> <span class='ocrx_word' id='word_1_386' title='bbox 311 4572 437 4624; x_wconf 85' lang='lat' dir='ltr'>Similiter</span> <span class='ocrx_word' id='word_1_387' title='bbox 451 4587 474 4620; x_wconf 88' lang='lat' dir='ltr'>v.</span> <span class='ocrx_word' id='word_1_388' title='bbox 491 4573 506 4619; x_wconf 82' lang='lat'>2</span> <span class='ocrx_word' id='word_1_389' title='bbox 522 4572 565 4633; x_wconf 82' lang='lat'>23,</span> <span class='ocrx_word' id='word_1_390' title='bbox 586 4571 629 4620; x_wconf 91' lang='lat' dir='ltr'>ubi</span> <span class='ocrx_word' id='word_1_391' title='bbox 648 4572 707 4637; x_wconf 81' lang='lat' dir='ltr'>imp.</span> <span class='ocrx_word' id='word_1_392' title='bbox 727 4576 754 4618; x_wconf 87' lang='lat' dir='ltr'>et</span> <span class='ocrx_word' id='word_1_393' title='bbox 775 4566 846 4619; x_wconf 78' lang='lat' dir='ltr'>Caes.</span> <span class='ocrx_word' id='word_1_394' title='bbox 865 4568 1206 4633; x_wconf 80' lang='lat' dir='ltr'>supplevimus,&#39;potuerunt</span> <span class='ocrx_word' id='word_1_395' title='bbox 1224 4571 1285 4619; x_wconf 88' lang='lat' dir='ltr'>item</span> <span class='ocrx_word' id='word_1_396' title='bbox 1305 4572 1419 4635; x_wconf 86' lang='lat' dir='ltr'>suppleri</span> <span class='ocrx_word' id='word_1_397' title='bbox 1439 4571 1559 4621; x_wconf 78' lang='lat' dir='ltr'>adhibito</span> 
     </span>
     <span class='ocr_line' id='line_1_40' title="bbox 224 4658 1559 4728; baseline 0.002 -18"><span class='ocrx_word' id='word_1_398' title='bbox 224 4662 352 4711; x_wconf 81' lang='lat' dir='ltr'>vocabulo</span> <span class='ocrx_word' id='word_1_399' title='bbox 370 4663 424 4711; x_wconf 66' lang='lat' dir='ltr'>ma.</span> <span class='ocrx_word' id='word_1_400' title='bbox 464 4663 516 4714; x_wconf 88' lang='lat' dir='ltr'>Sed</span> <span class='ocrx_word' id='word_1_401' title='bbox 536 4676 691 4728; x_wconf 86' lang='lat' dir='ltr'>quamquam</span> <span class='ocrx_word' id='word_1_402' title='bbox 710 4661 817 4711; x_wconf 89' lang='lat' dir='ltr'>dubium</span> <span class='ocrx_word' id='word_1_403' title='bbox 836 4675 889 4710; x_wconf 89' lang='lat' dir='ltr'>non</span> <span class='ocrx_word' id='word_1_404' title='bbox 908 4667 947 4708; x_wconf 90' lang='lat' dir='ltr'>est</span> <span class='ocrx_word' id='word_1_405' title='bbox 965 4658 997 4708; x_wconf 86' lang='lat' dir='ltr'>ab</span> <span class='ocrx_word' id='word_1_406' title='bbox 1018 4659 1173 4724; x_wconf 88' lang='lat' dir='ltr'>imperatore</span> <span class='ocrx_word' id='word_1_407' title='bbox 1192 4661 1274 4726; x_wconf 82' lang='lat' dir='ltr'>legem</span> <span class='ocrx_word' id='word_1_408' title='bbox 1289 4661 1383 4712; x_wconf 87' lang='lat' dir='ltr'>dictam</span> <span class='ocrx_word' id='word_1_409' title='bbox 1397 4677 1462 4725; x_wconf 88' lang='lat' dir='ltr'>esse,</span> <span class='ocrx_word' id='word_1_410' title='bbox 1482 4677 1559 4728; x_wconf 88' lang='lat' dir='ltr'>pras·</span> 
     </span>
     <span class='ocr_line' id='line_1_41' title="bbox 226 4753 621 4819; baseline 0.008 -18"><span class='ocrx_word' id='word_1_411' title='bbox 226 4753 327 4802; x_wconf 89' lang='lat' dir='ltr'>tulerim</span> <span class='ocrx_word' id='word_1_412' title='bbox 347 4753 373 4801; x_wconf 93' lang='lat' dir='ltr'>id</span> <span class='ocrx_word' id='word_1_413' title='bbox 393 4754 463 4818; x_wconf 88' lang='lat' dir='ltr'>quod</span> <span class='ocrx_word' id='word_1_414' title='bbox 481 4754 621 4819; x_wconf 89' lang='lat' dir='ltr'>posuimus.</span> 
     </span>
    </p>

    <p class='ocr_par' dir='ltr' id='par_1_6' title="bbox 227 4840 1561 5183">
     <span class='ocr_line' id='line_1_42' title="bbox 302 4840 1558 4913; baseline 0.003 -21"><span class='ocrx_word' id='word_1_415' title='bbox 302 4840 327 4904; x_wconf 70' lang='grc'>2)</span> <span class='ocrx_word' id='word_1_416' title='bbox 366 4844 498 4893; x_wconf 87' lang='lat' dir='ltr'>Honorius</span> <span class='ocrx_word' id='word_1_417' title='bbox 517 4852 544 4894; x_wconf 88' lang='lat' dir='ltr'>et</span> <span class='ocrx_word' id='word_1_418' title='bbox 562 4844 726 4896; x_wconf 85' lang='lat' dir='ltr'>Theodosios</span> <span class='ocrx_word' id='word_1_419' title='bbox 746 4841 1055 4904; x_wconf 80' lang='lat' dir='ltr'>cod.Theo‹1.s‚1a‚s</span> <span class='ocrx_word' id='word_1_420' title='bbox 1076 4857 1099 4891; x_wconf 84' lang='lat' dir='ltr'>a.</span> <span class='ocrx_word' id='word_1_421' title='bbox 1114 4842 1182 4891; x_wconf 79' lang='lat'>41⁵:</span> <span class='ocrx_word' id='word_1_422' title='bbox 1203 4844 1229 4891; x_wconf 81' lang='lat' dir='ltr'>in</span> <span class='ocrx_word' id='word_1_423' title='bbox 1242 4846 1388 4910; x_wconf 81' lang='lat' dir='ltr'>prouinciis</span> <span class='ocrx_word' id='word_1_424' title='bbox 1408 4845 1479 4913; x_wconf 80' lang='lat' dir='ltr'>apud</span> <span class='ocrx_word' id='word_1_425' title='bbox 1492 4862 1558 4913; x_wconf 87' lang='lat' dir='ltr'>pro-</span> 
     </span>
     <span class='ocr_line' id='line_1_43' title="bbox 227 4929 1558 5003; baseline 0.004 -20"><span class='ocrx_word' id='word_1_426' title='bbox 227 4935 366 4985; x_wconf 60' lang='lat' dir='ltr'>cinctae-am</span> <span class='ocrx_word' id='word_1_427' title='bbox 384 4940 495 4984; x_wconf 85' lang='lat' dir='ltr'>rectores</span> <span class='ocrx_word' id='word_1_428' title='bbox 513 4935 560 4996; x_wconf 79' lang='lat' dir='ltr'>uel,</span> <span class='ocrx_word' id='word_1_429' title='bbox 581 4937 605 4985; x_wconf 83' lang='lat' dir='ltr'>si</span> <span class='ocrx_word' id='word_1_430' title='bbox 618 4943 723 5003; x_wconf 79' lang='lat' dir='ltr'>praesto</span> <span class='ocrx_word' id='word_1_431' title='bbox 742 4951 791 4986; x_wconf 82' lang='lat' dir='ltr'>aaa</span> <span class='ocrx_word' id='word_1_432' title='bbox 802 4929 910 5000; x_wconf 76' lang='lat' dir='ltr'>Jirere’ai,</span> <span class='ocrx_word' id='word_1_433' title='bbox 931 4932 1002 5001; x_wconf 82' lang='lat' dir='ltr'>apud</span> <span class='ocrx_word' id='word_1_434' title='bbox 1019 4933 1182 4999; x_wconf 71' lang='lat' dir='ltr'>aequaeua</span> <span class='ocrx_word' id='word_1_435' title='bbox 1198 4936 1363 5003; x_wconf 74' lang='lat' dir='ltr'>mane&#39;cipales</span> <span class='ocrx_word' id='word_1_436' title='bbox 1383 4936 1431 5000; x_wconf 78' lang='lat' dir='ltr'>cel,</span> <span class='ocrx_word' id='word_1_437' title='bbox 1451 4939 1476 4987; x_wconf 83' lang='lat' dir='ltr'>si</span> <span class='ocrx_word' id='word_1_438' title='bbox 1494 4940 1558 4988; x_wconf 82' lang='lat' dir='ltr'>cici·</span> 
     </span>
     <span class='ocr_line' id='line_1_44' title="bbox 227 5023 1561 5095; baseline 0.004 -20"><span class='ocrx_word' id='word_1_439' title='bbox 227 5034 267 5077; x_wconf 84' lang='lat' dir='ltr'>tas</span> <span class='ocrx_word' id='word_1_440' title='bbox 285 5025 327 5076; x_wconf 85' lang='lat' dir='ltr'>cel</span> <span class='ocrx_word' id='word_1_441' title='bbox 345 5025 463 5095; x_wconf 83' lang='lat' dir='ltr'>oppidum</span> <span class='ocrx_word' id='word_1_442' title='bbox 476 5060 483 5074; x_wconf 90' lang='lat'>.</span> <span class='ocrx_word' id='word_1_443' title='bbox 494 5061 500 5074; x_wconf 94' lang='lat'>.</span> <span class='ocrx_word' id='word_1_444' title='bbox 512 5061 518 5074; x_wconf 95' lang='lat'>.</span> <span class='ocrx_word' id='word_1_445' title='bbox 532 5042 581 5075; x_wconf 85' lang='lat' dir='ltr'>nou</span> <span class='ocrx_word' id='word_1_446' title='bbox 600 5025 692 5078; x_wconf 75' lang='lat' dir='ltr'>babeat</span> <span class='ocrx_word' id='word_1_447' title='bbox 708 5028 879 5094; x_wconf 64' lang='lat' dir='ltr'>magistratus,</span> <span class='ocrx_word' id='word_1_448' title='bbox 899 5024 970 5093; x_wconf 82' lang='lat' dir='ltr'>apud</span> <span class='ocrx_word' id='word_1_449' title='bbox 987 5023 1138 5090; x_wconf 69' lang='lat' dir='ltr'>descensorem</span> <span class='ocrx_word' id='word_1_450' title='bbox 1154 5024 1246 5092; x_wconf 81' lang='lat' dir='ltr'>plebis.</span> <span class='ocrx_word' id='word_1_451' title='bbox 1281 5028 1381 5079; x_wconf 85' lang='lat' dir='ltr'>Eadem</span> <span class='ocrx_word' id='word_1_452' title='bbox 1402 5030 1513 5080; x_wconf 88' lang='lat' dir='ltr'>redeunt</span> <span class='ocrx_word' id='word_1_453' title='bbox 1532 5033 1561 5082; x_wconf 90' lang='lat' dir='ltr'>in</span> 
     </span>
     <span class='ocr_line' id='line_1_45' title="bbox 228 5116 869 5183; baseline 0.003 -16"><span class='ocrx_word' id='word_1_454' title='bbox 228 5119 284 5183; x_wconf 84' lang='lat' dir='ltr'>lego</span> <span class='ocrx_word' id='word_1_455' title='bbox 303 5119 398 5169; x_wconf 87' lang='lat' dir='ltr'>Leonis</span> <span class='ocrx_word' id='word_1_456' title='bbox 418 5117 483 5168; x_wconf 85' lang='lat' dir='ltr'>Cod.</span> <span class='ocrx_word' id='word_1_457' title='bbox 503 5116 567 5167; x_wconf 88' lang='lat' dir='ltr'>Inst.</span> <span class='ocrx_word' id='word_1_458' title='bbox 589 5119 613 5179; x_wconf 83' lang='lat'>8,</span> <span class='ocrx_word' id='word_1_459' title='bbox 636 5117 669 5168; x_wconf 85' lang='lat'>53</span> <span class='ocrx_word' id='word_1_460' title='bbox 690 5116 757 5181; x_wconf 79' lang='grc'><strong>[54],</strong></span> <span class='ocrx_word' id='word_1_461' title='bbox 778 5119 821 5180; x_wconf 77' lang='grc'>30,</span> <span class='ocrx_word' id='word_1_462' title='bbox 845 5121 869 5169; x_wconf 88' lang='grc'>1.</span> 
     </span>
    </p>
   </div>
   <div class='ocr_carea' id='block_1_4' title="bbox 0 0 1786 5812">
    <p class='ocr_par' dir='ltr' id='par_1_7' title="bbox 0 0 1786 5812">
     <span class='ocr_line' id='line_1_46' title="bbox 0 0 1786 5812; baseline 0 0"><span class='ocrx_word' id='word_1_463' title='bbox 0 0 1786 5812; x_wconf 95' lang='lat' dir='ltr'> </span> 
     </span>
    </p>
   </div>
  </div>
 </body>
</html>
