3510 5812
546 502 716 553 annorvm
742 503 781 553 6.
810 501 1029 554 6666116611
1209 542 1215 553 .
1431 484 1451 553 3

208 671 327 730 Deinde
355 673 421 731 loro
444 674 590 732 Messalla
616 691 649 731 se
676 674 765 733 dedit.
810 672 918 733 Cicero
945 693 972 733 a.
996 673 1057 732 674
1084 672 1155 733 Sex.
1182 675 1325 734 Roscium
1353 671 1454 729 defen-

125 775 198 834 dens
220 777 263 832 ait
285 773 351 850 (51,
373 774 444 852 149)
466 794 522 851 pro
537 793 572 834 eo
594 775 652 834 fori
673 775 835 853 iudiciique
854 778 1000 835 rationem
1023 777 1191 852 suscepisse
1209 777 1249 834 M.
1268 775 1454 845 Messallam3

123 895 191 935 eum
219 877 244 935 si
272 877 331 934 iam
360 878 436 936 66116
459 879 565 936 6616116
588 877 720 948 haberet,
749 877 895 936 Roscium
917 880 1016 955 ipsam
1038 878 1228 938 defensurum
1250 880 1356 949 fnisse,
1379 895 1456 934 nuno

124 978 162 1036 ad
179 978 335 1038 dicendum
359 980 534 1056 impeditum
556 988 652 1038 aetate
675 988 705 1039 et
726 981 839 1056 pudore
854 999 975 1040 causam
997 981 1054 1038 sibi
1076 981 1245 1040 tradidisse.
1283 980 1366 1038 Idem
1386 985 1456 1054 post

122 1089 249 1139 mortem
277 1080 375 1139 locum
402 1083 429 1140 ei
456 1081 538 1141 dedit
563 1083 593 1140 in
621 1082 699 1141 libro
726 1083 763 1140 de
790 1082 880 1140 claris
910 1083 1079 1143 oratoribus
1103 1083 1152 1156 70,
1176 1081 1235 1142 146
1262 1084 1310 1141 his
1339 1080 1454 1139 verbis:

123 1182 167 1240 M.
191 1182 335 1242 Messalla
360 1187 453 1243 minor
479 1194 551 1242 natu
572 1203 658 1260 quam
682 1203 734 1244 nos
755 1184 835 1242 nullo
856 1187 938 1243 modo
960 1190 1053 1261 inops,
1079 1187 1208 1243 sednon
1229 1188 1313 1243 nimis
1337 1192 1454 1242 6166166

121 1303 224 1359 qaaere
245 1287 409 1344 uerborum:
428 1288 559 1363 prudens
580 1298 681 1345 acutas
702 1289 813 1344 cainiana
835 1290 966 1345 incautus
985 1297 1137 1362 patronus,
1163 1291 1193 1344 in
1219 1290 1314 1345 causis
1338 1303 1454 1360 coqnoa·

123 1389 219 1446 cendia
247 1391 500 1465 componendisque
526 1389 664 1465 diligens,
692 1392 790 1464 maqni
828 1389 949 1460 laboris,
980 1391 1085 1449 multae
1119 1407 1223 1466 operae
1248 1388 1455 1463 multarumque

122 1507 283 1548 causamn.
329 1489 489 1550 Orationes
511 1510 583 1549 num
605 1490 739 1562 ediderit,
761 1489 893 1549 dubitari
908 1499 1023 1567 potest3
1046 1511 1115 1550 nam
1131 1491 1211 1566 quod
1235 1490 1397 1548 scholiasta
1416 1488 1454 1545 ad

122 1590 291 1651 Roscianae
312 1590 468 1651 Ciceronis
495 1611 519 1651 6.
544 1591 572 1665 1,
604 1594 622 1652 5
649 1612 679 1670 p.
700 1591 760 1651 416
789 1591 882 1653 Orell.
912 1594 1037 1653 adnotat
1061 1593 1226 1653 Messallae
1253 1593 1317 1650 eius
1345 1591 1475 1650 multas.

123 1703 227 1753 extare
253 1695 415 1766 orationes,
446 1713 506 1753 non
533 1713 671 1771 magnam
698 1695 902 1754 auctoritatem
926 1696 1026 1767 habet,
1055 1714 1122 1754 cum
1146 1696 1170 1754 is
1193 1695 1229 1754 de
1252 1693 1384 1753 Corvino
1406 1711 1455 1751 eo·

124 1797 219 1872 gitare
241 1798 380 1873 potuerit,
403 1816 458 1855 nec
480 1799 661 1873 posteriores
679 1798 838 1857 Messallae
856 1798 945 1856 huius
961 1798 1134 1857 meminisse
1150 1796 1297 1855 videntur.
1344 1794 1454 1868 Quam·

123 1916 214 1974 quam
235 1899 315 1976 quod
338 1900 442 1959 scribit
457 1897 663 1973 Quintilianus
686 1899 750 1976 (10,
769 1900 851 1974 1,11
875 1901 912 1959 cf.
936 1898 1010 1972 4,1,
1034 1900 1101 1959 106.
1126 1900 1154 1972 6,
1181 1902 1206 1969 1,
1230 1899 1270 1957 10
1292 1907 1323 1957 61
1343 1896 1455 1956 Festus

122 2018 152 2076 p.
171 2000 243 2076 153)
271 2002 303 2060 16
330 2019 423 2060 causa
449 2001 585 2060 Aufidiae
615 2003 706 2062 simul
733 2002 848 2062 dixisse
876 2001 1052 2062 Messallam
1085 2011 1115 2061 et
1141 2000 1306 2079 Sulpicium
1333 1999 1456 2070 Rufum,

125 2122 191 2161 cum
214 2104 264 2162 hic
290 2105 331 2164 sit
357 2105 532 2162 notissimus
560 2113 661 2163 orator
688 2104 845 2164 defunctus
868 2124 894 2162 a.
919 2105 974 2163 711
1007 2123 1103 2180 neque
1125 2102 1288 2162 Corvinum
1316 2101 1456 2160 credibile

124 2206 163 2265 sit
190 2224 299 2265 causas
328 2207 427 2282 egisse
454 2215 523 2264 ante
551 2225 618 2265 eum
646 2224 765 2279 annum,
799 2207 933 2266 66616611
959 2207 1090 2266 fortasse
1118 2204 1326 2279 Quintilianus
1358 2203 1455 2280 patris

123 2308 238 2385 filiique
262 2308 424 2365 orationes.
468 2304 528 2366 Sed
550 2308 624 2366 haec
646 2308 841 2384 relinquenda
862 2317 934 2367 sunt
954 2309 1008 2367 filii
1029 2309 1121 2367 vitam
1144 2307 1337 2365 enarraturis.

211 2405 412 2479 Quaesturam
431 2427 497 2467 cum
513 2410 686 2468 Messallam
707 2418 852 2486 appareat
871 2411 983 2486 pariter
1004 2420 1094 2486 atque
1109 2408 1284 2468 Ciceronem
1307 2426 1385 2465 anno
1402 2424 1456 2464 suo

125 2510 191 2586 ipso
213 2509 390 2585 proximare
412 2509 589 2583 obtinuisse,
611 2510 716 2569 incidit
737 2529 774 2570 ea
794 2511 825 2568 in
848 2529 875 2568 a.
898 2529 922 2569 c.
947 2511 1016 2571 686.

209 2612 256 2669 Ab
280 2611 431 2670 aedilitate
452 2611 595 2671 Messalla
616 2613 762 2671 abstinuit
783 2613 920 2689 exemplo
942 2613 1113 2671 multorum.

209 2712 357 2771 Praetura
378 2723 501 2790 propter
522 2715 645 2774 eandem
668 2731 790 2773 causam
812 2715 1007 2790 probabiliter
1028 2714 1248 2773 adiudicabitur
1269 2733 1295 2771 a.
1319 2711 1394 2783 6903
1425 2722 1456 2769 ut

125 2815 199 2872 satis
226 2825 372 2891 appareat
392 2816 433 2874 M.
457 2816 632 2874 Messallam
660 2836 738 2886 enm,
770 2817 821 2891 qui
852 2836 879 2875 a.
904 2816 960 2876 691
991 2827 1160 2892 praeturam
1188 2818 1308 2893 petebat
1334 2813 1456 2886 (Cicero

124 2935 179 2992 pro
196 2915 283 2976 Sulla
307 2916 354 2988 14,
371 2915 436 2992 41),
459 2937 518 2976 666
540 2919 618 2976 11666
640 2935 717 2988 6666,
742 2917 795 2976 666
815 2918 941 2977 alterum
965 2919 1117 2977 consulem
1138 2934 1165 2976 a.
1182 2918 1240 2975 701
1259 2918 1455 2993 (Wehrmanu

127 3019 198 3075 lasti
221 3020 363 3095 praetorii
385 3039 414 3096 p.
428 3019 490 3094 57).
535 3018 676 3078 Urbanos
698 3018 796 3077 fasces
819 3021 897 3078 hunc
920 3029 1053 3079 nostrum
1070 3020 1241 3078 Messallam
1264 3031 1454 3078 consecutum

125 3137 192 3177 esse
215 3139 252 3178 ex
275 3121 373 3199 elogio
395 3129 528 3198 apparet.

208 3220 324 3281 Consul
351 3223 458 3281 deinde
485 3224 581 3282 factus
608 3232 653 3282 est
679 3243 704 3281 a.
727 3223 786 3282 693
815 3243 881 3283 cum
907 3225 948 3283 M.
969 3225 1067 3300 Pupio
1089 3225 1211 3283 Pisone.
1255 3225 1301 3282 Eo
1323 3234 1456 3302 tempore

125 3323 229 3382 laudat
249 3344 316 3383 eum
340 3323 447 3384 Cicero
469 3332 619 3402 tamqnam
642 3328 772 3401 partium
794 3328 937 3384 bonarum
961 3327 1128 3386 studiosum
1151 3326 1202 3402 (ad
1223 3327 1287 3386 Att.
1314 3330 1340 3398 1,
1359 3326 1456 3401 13,1)

127 3444 276 3503 suumque
298 3434 329 3485 et
349 3426 535 3486 laudatorem
558 3434 588 3485 61
608 3427 788 3486 imitatorem
811 3428 845 3501 (l.
869 3447 895 3488 c.
920 3432 947 3499 1,
972 3430 1020 3501 14,
1043 3428 1085 3505 6).

209 3526 350 3606 Quinque
370 3529 468 3588 virum
491 3528 598 3590 deinde
620 3540 737 3589 creatus
761 3539 808 3589 est
829 3531 910 3608 agris
932 3530 1040 3589 dandis
1062 3529 1256 3607 adsignandis
1278 3531 1455 3602 iudicandis,

128 3630 244 3689 scilicet
266 3649 304 3689 ex
325 3631 391 3709 lege
406 3631 486 3690 Iulia
500 3633 620 3708 agraria
641 3632 703 3690 lata
718 3652 745 3692 a.
762 3632 831 3692 695.
875 3631 953 3692 Nam
969 3650 1037 3691 cum
1053 3651 1091 3691 ex
1107 3651 1143 3691 66
1158 3632 1263 3709 viginti
1278 3633 1334 3691 viri
1351 3635 1456 3692 fierent

126 3733 163 3790 ad
190 3750 280 3810 agros
303 3733 478 3793 dividendos
500 3732 673 3810 Campanos
696 3734 753 3809 (ita
774 3735 852 3793 enim
875 3735 1013 3794 dicuntur
1035 3754 1053 3792 a
1075 3733 1211 3794 Varrone
1234 3736 1270 3793 66
1292 3755 1315 3794 1.
1331 3756 1356 3793 r.
1383 3735 1456 3806 1,1,

130 3834 181 3906 10;
209 3836 247 3893 cf.
271 3833 502 3907 816616166611,
524 3836 610 3911 587),
633 3835 702 3895 item
724 3837 855 3912 quinque
877 3838 934 3895 viri
955 3837 1146 3896 inveniuntur
1169 3835 1290 3912 (Cicero
1313 3837 1349 3895 de
1371 3855 1455 3913 prov.

127 3955 209 3994 cons.
228 3937 276 4008 17,
292 3939 348 3995 41:
375 3956 418 3994 nte
439 3937 489 3994 ille
504 3969 541 3978 —
560 3935 676 3996 Caesar
697 3939 858 3996 consul-
873 3948 904 3997 ut
925 3942 1171 4015 quinqueviratum
1193 3943 1349 4014 acciperem
1371 3957 1455 4013 ropa-

127 4043 176 4109 vit‚
198 4058 242 4096 616
263 4041 293 4095 in
316 4039 405 4096 111566
427 4040 482 4096 sibi
503 4043 740 4098 coniunctissimis
763 4041 961 4100 consularibus
983 4059 1043 4100 esse
1063 4041 1171 4109 voluit,·
1195 4039 1232 4097 ad
1251 4042 1314 4097 An.
1331 4039 1360 4110 1,
1378 4040 1406 4111 7,
1423 4041 1455 4096 4:

126 4145 199 4199 iocis
221 4141 336 4198 obscure
357 4144 440 4198 etiam
462 4159 496 4198 aa
516 4144 588 4217 ipsis
611 4146 734 4217 quinque
755 4145 825 4200 viris
847 4143 927 4219 loqui
948 4141 1112 4220 quosdam).
1157 4139 1241 4213 Quos
1267 4140 1305 4198 ad
1332 4141 1456 4198 candem

126 4242 221 4317 legem
248 4241 396 4319 pertinere
424 4252 453 4301 61
481 4243 675 4318 praecipuum
702 4244 779 4302 inter
806 4245 912 4321 viginti
938 4245 1007 4304 illos
1035 4245 1133 4302 locum
1154 4243 1320 4301 obtinuisse
1343 4243 1456 4300 dudum

127 4342 308 4402 intellectum
337 4356 391 4415 661,
418 4353 451 4402 61
475 4344 551 4403 6666
578 4356 639 4402 1166
666 4362 769 4402 corum
797 4363 836 4402 ex
866 4347 1072 4405 consularibus
1094 4345 1214 4422 legendi
1236 4352 1347 4403 essent.
1391 4345 1456 4402 Iam

127 4463 165 4500 ex
193 4444 291 4522 elogio
317 4452 435 4503 constat
461 4445 508 4504 his
535 4446 759 4522 magistratibus
781 4448 993 4507 iudicationem
1015 4449 1128 4524 pariter
1156 4448 1254 4506 datam
1278 4464 1344 4505 essc
1367 4457 1457 4523 atquc

128 4545 290 4603 triumviris
313 4564 352 4603 ex
374 4545 439 4622 lege
455 4544 633 4624 Sempronia
653 4549 762 4608 creatis
778 4550 973 4626 creandisque
996 4569 1035 4608 ex
1055 4549 1120 4626 lege
1135 4548 1265 4609 Servilia
1279 4548 1456 4606 decemviris

130 4647 248 4717 creatis,
274 4665 372 4723 neque
394 4648 590 4724 improbabile
612 4658 657 4708 est
684 4651 894 4710 iudicationem
913 4652 988 4711 solis
1010 4652 1140 4728 quinque
1163 4651 1235 4709 viris
1258 4652 1357 4709 datam
1379 4669 1457 4721 csse,

126 4749 251 4824 reliquis
272 4749 303 4806 in
325 4748 392 4826 ipsa
414 4750 621 4825 adsignatione
643 4754 808 4830 occupatis.
844 4753 988 4813 Messalla
1010 4772 1075 4812 cum
1098 4753 1128 4810 in
1152 4753 1245 4812 tribus
1268 4754 1329 4811 illis
1348 4771 1456 4811 consu·

125 4851 239 4909 laribus
271 4850 361 4909 fuerit
387 4851 499 4927 pariter
520 4861 609 4928 atque
632 4854 797 4930 Pompeius
821 4855 993 4930 (Drumann
1016 4855 1045 4928 3,
1069 4854 1155 4929 106),
1172 4854 1362 4931 ¹intellegitur
1388 4873 1456 4911 eum

125 4970 185 5009 non
212 4952 399 5029 optimatium
426 4961 538 5011 sectam
566 4965 700 5013 secutum
727 4974 804 5028 esse,
833 4955 885 5015 sed
912 4955 1037 5016 Caesari
1059 4958 1146 5034 eique
1172 4976 1208 5013 eo
1231 4967 1364 5031 tempore
1387 4974 1457 5013 con·

126 5052 313 5112 iunctissima
335 5053 480 5130 Pompeio
503 5071 568 5114 sese
590 5056 709 5116 dedisse
733 5057 783 5133 (cf.
807 5058 846 5116 ad
868 5062 930 5116 Aa.
955 5059 983 5130 4,
1010 5061 1036 5129 1,
1061 5058 1103 5133 6).
