3510 5812
893 499 1038 550 JOIIDAN

384 673 410 732 2.
455 682 573 731 constat
606 674 752 732 sermonis
786 674 997 750 proprietatem
1032 672 1189 730 admittere
1221 678 1280 728 tam
1312 670 1410 729 collem
1442 670 1630 741 Quirinalem,

299 777 428 852 campum
451 776 590 833 Martiam
613 795 701 852 quam
724 777 840 847 collem,
871 795 999 851 cunrpurn
1026 775 1155 831 nomina.
1200 783 1231 831 at
1256 773 1353 830 ineis
1381 781 1459 830 certe
1483 791 1560 848 qnae
1584 789 1633 829 su·

299 886 423 956 persunt
455 880 491 937 de
518 879 728 954 hemerologiis
762 878 861 955 lapide
894 877 997 936 incisis
1027 877 1213 953 singulorum
1242 875 1371 933 editores
1394 875 1529 949 singulos
1552 875 1632 931 vide-

299 999 365 1040 mus
389 981 446 1039 sibi
469 990 603 1039 constare
625 982 656 1039 in
679 981 830 1039 alterutris
853 979 1024 1038 nominibus
1045 978 1238 1053 usurpandis:
1269 978 1370 1053 itaque
1398 977 1494 1053 campi
1524 996 1631 1035 nornen

300 1084 417 1161 plenius
440 1092 523 1141 extat
544 1084 574 1141 in
598 1084 705 1141 Praen.
729 1084 822 1141 Amit.
848 1081 935 1152 Urb.,
958 1082 1078 1140 brevius
1100 1081 1130 1138 in
1154 1082 1227 1138 Aru.
1252 1079 1335 1136 Allil.
1360 1078 1439 1150 Ost,
1462 1079 1548 1136 collis
1572 1079 1633 1154 ple·

299 1187 366 1243 nius
393 1187 424 1244 in
453 1186 533 1244 vall.
557 1186 665 1257 Amic,
692 1186 812 1243 brevius
841 1186 872 1243 in
898 1186 970 1242 Arv.
993 1183 1069 1241 Ven.
1092 1183 1202 1240 Praen.
1231 1181 1322 1240 Farn.
1350 1182 1422 1257 Esq.
1451 1199 1632 1257 quemquam

300 1307 360 1345 non
383 1306 520 1363 magnam
544 1287 738 1346 offensionem
761 1288 883 1345 liaberet
906 1287 929 1344 si
953 1287 982 1342 in
1007 1285 1109 1343 eodem
1131 1285 1269 1360 exemplo
1292 1284 1381 1341 modo
1404 1284 1521 1359 plenius
1544 1283 1632 1342 modo

299 1390 423 1448 brevius
445 1390 644 1466 perscriptum
667 1398 792 1448 extaret.
838 1393 976 1448 circorum
999 1388 1121 1446 nomina
1142 1391 1258 1446 tauriani
1280 1395 1308 1443 et
1327 1386 1469 1444 Flaminii
1490 1405 1543 1443 cnr
1565 1404 1632 1443 eon-

300 1499 416 1550 stanter
438 1491 528 1569 plena
549 1493 717 1570 perscripta
739 1492 807 1564 sint,
832 1493 883 1549 ubi
906 1490 1016 1566 templa
1037 1491 1066 1547 in
1088 1495 1131 1548 eis
1153 1492 1216 1548 sive
1239 1490 1274 1547 ad
1299 1508 1350 1547 eos
1374 1489 1414 1564 (v.
1431 1510 1460 1546 n.
1477 1489 1510 1563 3)
1534 1489 1633 1563 posita

299 1603 580 1665 commemorantur,
607 1613 667 1652 non
695 1604 740 1652 est
767 1595 848 1670 quod
876 1611 1032 1668 exponam.
1077 1610 1150 1650 sane
1173 1592 1279 1650 mirum
1302 1604 1348 1648 est
1374 1591 1453 1665 quod
1477 1591 1506 1647 in
1528 1591 1633 1648 kalen·

301 1697 393 1754 dariis
417 1696 514 1770 (Mart.
538 1697 630 1754 Amit.
651 1699 722 1754 Ant.
746 1697 836 1772 Aru.)
859 1695 920 1754 Indi
944 1695 1041 1772 plebei
1057 1693 1136 1752 Nor.
1157 1696 1246 1753 15-
1261 1694 1296 1751 17
1321 1696 1351 1750 in
1374 1697 1449 1750 cr'rco
1471 1692 1541 1751 lacti
1564 1711 1633 1751 esse

302 1799 449 1869 dicuntur,
484 1817 549 1856 cum
584 1806 700 1857 constet
721 1798 823 1856 Valeri
848 1798 974 1856 Maximi
1007 1797 1178 1855 testimonio
1209 1796 1315 1866 1,t,4
1342 1814 1393 1854 eos
1427 1797 1455 1852 in
1483 1795 1633 1853 Flaminio

302 1901 398 1958 factos
422 1918 500 1959 esse..
544 1900 623 1976 quod
648 1901 764 1958 unicum
788 1899 936 1958 eadere
960 1900 1163 1962 testimonium
1186 1918 1252 1956 enm
1276 1899 1316 1954 sit
1336 1897 1432 1955 debile
1456 1897 1496 1972 (v.
1515 1897 1634 1955 Becker

305 2003 375 2078 Tap.
399 2022 426 2078 p.
446 2002 530 2077 668),
553 2002 690 2061 deludis
712 2002 825 2077 plebeis
849 2003 878 2059 in
902 2001 1053 2060 Flaminio
1075 2002 1162 2059 factis
1184 2000 1361 2069 dubitarem,
1384 2001 1442 2057 nisi
1466 1999 1633 2057 aedificatio

301 2107 372 2164 circi
400 2123 466 2162 cum
495 2104 632 2162 Indorum
660 2105 847 2163 institutione
870 2123 940 2163 sane
968 2104 1190 2180 quodammodo
1212 2103 1372 2161 coniuncta
1394 2119 1461 2160 esse
1485 2101 1634 2160 videretur

302 2207 484 2282 (Mommsen
507 2207 577 2265 hist.
601 2206 638 2264 R.
664 2205 708 2278 14,
733 2205 818 2282 822).

387 2310 414 2367 3.
460 2309 661 2385 quaerendum
679 2317 724 2367 est
742 2309 777 2366 de
800 2309 935 2367 formulis
952 2312 981 2366 r'a
997 2312 1071 2368 elren
1088 2308 1247 2379 Flumr'nio,
1270 2308 1311 2364 ud
1331 2311 1437 2365 circam
1453 2307 1632 2365 Flaminium

302 2410 520 2486 similibusque.
564 2431 632 2469 nam
661 2432 697 2470 ne
724 2412 780 2469 hae
808 2412 927 2487 quidem
955 2411 1173 2487 discrepantiae
1200 2428 1289 2468 caeco
1317 2428 1389 2467 casu
1417 2417 1559 2485 reguntur
1581 2416 1634 2464 aut

300 2513 412 2571 nullius
441 2523 511 2572 sunt
538 2513 575 2571 ad
605 2515 694 2572 situm
722 2514 855 2572 locorum
884 2514 1123 2591 cognoscendum
1152 2513 1301 2571 momenti.
1346 2512 1516 2570 memineris
1543 2511 1634 2587 igitur

300 2619 423 2673 nomina
456 2615 612 2691 regionum
640 2615 747 2686 XIIII,
780 2635 854 2691 quas
888 2624 1006 2674 constat
1038 2617 1122 2674 iussu
1155 2619 1225 2690 imp.
1254 2616 1380 2690 Augusti
1413 2631 1565 2688 operaque
1592 2613 1632 2670 M.

301 2719 456 2794 Agrippae·
478 2717 572 2776 factas
595 2735 662 2776 esse
676 2751 713 2761 —
727 2737 787 2794 qno
809 2736 888 2776 anno
910 2718 1007 2775 factae
1030 2718 1091 2776 sint
1112 2736 1172 2774 non
1194 2724 1362 2775 constat-
1376 2729 1446 2792 post
1461 2715 1631 2773 Flauiorum

302 2830 429 2879 aetatem
456 2819 628 2896 regionibus
650 2821 798 2896 Augustis
819 2820 915 2877 indita
937 2836 1002 2877 esse
1026 2818 1066 2893 (r.
1085 2818 1198 2876 Preller
1219 2819 1290 2894 neq.
1313 2838 1342 2894 p.
1360 2817 1398 2876 69
1422 2826 1451 2874 et
1466 2817 1543 2894 Top.
1568 2836 1634 2873 urea

303 2920 331 2990 2,
350 2921 412 2998 78).
456 2921 552 2979 nibilo
575 2922 673 2980 minus
696 2922 812 2997 aliquot
826 2940 927 2980 earum
952 2922 1075 2979 nomina
1090 2920 1306 2979 consuetudine
1330 2920 1476 2978 sermonis
1498 2921 1556 2977 iam
1581 2918 1633 2976 diu

299 3024 342 3081 ita
367 3023 554 3097 frequentata
580 3024 662 3082 luere
690 3034 722 3081 ut
750 3025 781 3081 in
808 3024 1038 3082 sollemnitatem
1067 3024 1260 3082 formularum
1283 3023 1424 3081 abissent.
1467 3040 1632 3080 erearum

300 3145 424 3183 numero
446 3135 491 3185 est
513 3129 605 3184 circus
629 3126 800 3199 Flamr‘m‘us,
823 3127 907 3184 cuius
934 3126 1061 3184 nominis
1084 3125 1234 3184 notionem
1257 3134 1375 3201 praeter
1398 3124 1564 3183 aedilicium
1587 3144 1631 3180 re·

301 3228 418 3305 gionem
441 3228 539 3304 ipsam
562 3229 761 3304 vicIniamque
783 3229 1043 3305 comprehendisse
1065 3236 1125 3286 tarn
1149 3227 1304 3287 Ciceronis
1330 3246 1419 3304 quam
1442 3227 1632 3285 kalendario·

300 3349 365 3387 rum
388 3329 462 3388 Ven.
491 3330 584 3389 Amit.
610 3330 690 3389 Vall.
725 3330 895 3390 testimonia
928 3333 1132 3405 comprobant.
1176 3350 1271 3407 neque
1304 3329 1383 3388 enirn
1416 3330 1570 3387 contiones
1603 3340 1632 3384 et

299 3432 458 3504 nundinas,
488 3452 564 3510 quas
591 3432 643 3492 ille
664 3437 696 3489 in
717 3436 793 3492 circo
812 3433 960 3491 Flaminio
982 3433 1100 3491 habitas
1123 3450 1190 3492 esse
1211 3433 1289 3491 dixit
1311 3432 1362 3507 (ad
1379 3431 1440 3488 Att.
1468 3433 1494 3503 l,
1518 3432 1565 3502 14,
1591 3429 1631 3504 1),

301 3534 331 3592 in
354 3534 421 3611 ipso
444 3535 580 3594 aedificio
603 3535 722 3593 habitas
744 3552 809 3593 esse
831 3535 1007 3593 crediderim
1029 3555 1125 3612 neque
1140 3553 1211 3593 vero
1233 3534 1385 3592 adsentIor
1400 3533 1537 3593 Beckero
1552 3532 1631 3610 Top.

301 3654 330 3711 p.
347 3635 408 3695 620
431 3637 577 3696 dubitanti
600 3656 639 3696 an
654 3637 799 3713 quaedam
822 3637 943 3713 templa,
967 3656 1044 3714 qnae
1066 3639 1136 3696 item
1158 3641 1188 3695 ln
1209 3642 1282 3696 circu
1299 3637 1447 3694 Flaminio
1469 3636 1565 3693 fuisse
1588 3635 1632 3692 di·

301 3749 418 3809 cuntur,
441 3740 552 3799 sacella
573 3739 684 3799 luerint
705 3739 801 3817 ipsius
824 3739 968 3798 aedificiis
991 3740 1115 3799 inclusa.
1159 3747 1284 3816 apparet
1306 3741 1385 3797 enim
1407 3739 1437 3795 in
1461 3739 1631 3814 promiscuo

301 3841 394 3900 luisse
417 3841 582 3901 locutiones
604 3843 673 3901 illas
701 3843 742 3899 ad
769 3843 832 3899 sive
858 3843 939 3918 apud
960 3846 1065 3902 circuunt
1087 3853 1117 3900 et
1137 3846 1166 3900 in
1190 3847 1274 3914 circo,
1302 3845 1345 3898 Ita
1369 3852 1402 3899 ut
1424 3842 1474 3916 qui
1496 3839 1549 3898 illa
1570 3849 1632 3898 ute-

300 3953 402 4002 rentur
428 3945 500 4003 circi
527 3944 712 4014 aedificium,
740 3945 790 4019 qui
813 3945 869 4002 bac
890 3945 1042 4020 regionem
1064 3944 1278 4020 intellegerent.
1323 3943 1367 4001 sic
1395 3945 1437 4000 ad
1463 3947 1567 4000 circum
1593 3942 1630 3999 F.

299 4046 383 4104 Iovis
411 4047 532 4105 statoris
559 4047 745 4122 Iunoniaque
776 4047 896 4123 reginae
923 4049 1066 4123 templum
1094 4048 1225 4122 positum
1254 4046 1327 4104 dicit
1352 4046 1413 4103 kal.
1441 4044 1530 4117 Urb.,
1552 4044 1631 4102 idem

299 4152 330 4205 in
352 4153 424 4207 circo
446 4148 483 4206 F.
506 4148 606 4207 Varro
630 4149 710 4225 apud
732 4149 823 4206 Maer.
848 4147 909 4207 Sat.
928 4150 956 4221 3,
973 4150 1002 4218 4,
1019 4149 1053 4219 23
1075 4149 1145 4206 item
1169 4150 1249 4224 apud
1268 4151 1375 4206 circam
1396 4148 1429 4204 F.
1454 4148 1559 4205 Martis
1583 4166 1631 4204 ae-

301 4249 366 4306 dem
390 4251 518 4322 Plinius,
541 4255 572 4307 ia
594 4254 668 4309 elren
689 4251 766 4309 idem
791 4249 948 4309 Cornelius
971 4249 1076 4326 Nepos
1099 4250 1142 4324 (r.
1167 4250 1284 4308 Becker
1306 4269 1333 4325 p.
1352 4250 1427 4326 619)
1451 4258 1481 4308 et
1502 4250 1631 4306 sortasse

301 4351 379 4409 idem
397 4352 581 4411 kalendaria.
625 4353 663 4411 ad
679 4353 784 4411 horum
800 4353 977 4428 templorum
993 4354 1166 4410 memoriam
1182 4352 1391 4428 aliotempore
1407 4351 1535 4410 redeam.
1579 4351 1633 4409 sed

301 4462 372 4511 nota
393 4473 499 4512 rursus
527 4464 664 4513 constare
688 4455 745 4513 sibi
772 4455 803 4512 in
830 4472 886 4512 usn
909 4454 1102 4511 formularum
1124 4453 1299 4511 kalendaria
1320 4455 1362 4512 ita
1384 4462 1417 4511 ut
1438 4454 1531 4512 amit.
1554 4453 1629 4511 Ven.

302 4555 381 4614 Vall.
409 4557 543 4628 alteram,
572 4557 695 4614 alteram
724 4556 822 4615 solum
848 4557 922 4616 Urb.
951 4557 1168 4631 usurpaverint.
1212 4575 1273 4612 non
1300 4557 1407 4614 mirum
1435 4556 1525 4632 igitur
1550 4557 1632 4631 quod

301 4657 379 4715 idem
401 4658 509 4716 accidit
530 4660 561 4717 in
583 4663 657 4717 circo
673 4663 802 4717 monimo.
847 4660 1017 4717 memineris
1040 4661 1071 4716 in
1093 4659 1160 4734 ipso
1183 4657 1317 4717 aedificio
1333 4663 1404 4717 circi
1427 4660 1497 4717 bina
1519 4656 1632 4716 sacella

302 4760 450 4831 extitisse,
478 4779 560 4818 aram
584 4758 677 4819 Consi
704 4760 741 4818 ad
768 4768 862 4819 metas
888 4761 1000 4838 primas
1028 4761 1262 4832 subterraneam,
1288 4760 1345 4818 hoc
1372 4770 1418 4819 est
1448 4763 1478 4820 in
1502 4761 1631 4837 planicie

301 4864 430 4921 harenae
452 4863 490 4920 ad
512 4872 603 4940 eaput
625 4863 738 4938 spinae,
754 4864 940 4938 Venerisque
955 4863 1087 4921 Murciae
1110 4863 1256 4921 inclusum
1280 4864 1458 4938 spectaculis
1481 4864 1511 4921 in
1534 4863 1631 4938 eapite

301 4966 371 5023 circi
394 4985 413 5023 a
435 4973 519 5040 parte
541 4965 681 5023 Aventini
705 4965 803 5037 fnetIs,
831 4984 891 5042 qua
916 4966 952 5023 de
979 4986 1009 5023 re
1032 4965 1194 5041 anaglyphi
1218 4966 1242 5023 F
1246 4965 1420 5040 ulginiensis
1446 4975 1476 5023 et
1498 4982 1630 5023 nummo-

301 5087 365 5125 rum
388 5067 547 5126 luculentis
570 5068 751 5125 testimoniis
778 5067 910 5126 decisum
934 5086 1000 5126 esse
1028 5069 1144 5126 ostendi
1168 5068 1198 5125 in
1220 5068 1350 5125 editione
1370 5068 1483 5125 tornae
1507 5065 1630 5143 Capito·

300 5168 379 5226 linae
407 5189 435 5246 p.
457 5168 506 5227 20.
552 5180 650 5229 cetera
671 5169 780 5246 templa
802 5170 865 5228 sive
888 5170 998 5229 sacella
1020 5170 1049 5226 in
1078 5169 1187 5228 vicinia
1210 5168 1278 5227 circi
1307 5173 1407 5244 posita
1435 5169 1528 5227 fuisse
1556 5167 1629 5226 satis
