3510 5812
295 453 368 523 248
884 475 1029 525 ronnas

376 650 413 704 A.
440 646 516 704 1876
540 649 686 706 translata
718 648 952 723 antiquititatum
986 666 1057 704 cura
1091 665 1207 705 summa
1228 647 1266 704 ad
1288 646 1313 702 Ι.
1336 647 1512 705 Fiorellium
1537 647 1620 706 aedis

293 749 454 806 Faustinae
477 749 587 825 gradus
609 751 711 825 eisque
738 768 814 826 quae
844 750 985 826 proxima
1011 757 1080 806 sunt
1106 748 1218 807 effossa
1239 756 1317 807 sunt.
1361 757 1466 807 extant
1488 749 1620 808 eiusdem

293 850 465 907 Relationes
506 851 665 926 perbreves
705 870 797 928 supra
837 852 955 910 citatae.
1000 852 1175 925 prodierunt
1211 869 1246 912 eo
1280 869 1357 910 anno
1391 871 1408 908 e
1436 861 1515 910 terra
1542 851 1622 910 tituli

294 950 426 1010 76-82.
450 950 499 1010 85.
526 952 636 1012 18911.

602 1240 1311 1316 llfflmmmfflmmm

374 1449 507 1506 Deorum
531 1449 712 1524 dearumque
734 1449 907 1506 memoriam
941 1451 970 1507 in
1004 1451 1069 1508 foro
1103 1468 1226 1507 romano
1253 1449 1323 1507 olim
1353 1458 1396 1507 tot
1422 1447 1618 1506 monumentis

291 1550 468 1607 celebratam
504 1550 616 1608 ultimis
648 1552 766 1626 imperii
798 1551 914 1609 romani
948 1552 1130 1627 temporibus
1157 1570 1252 1627 paene
1282 1552 1443 1609 extinctam
1471 1569 1539 1609 esse
1572 1549 1618 1606 vel

291 1653 364 1710 baec
385 1652 612 1727 inscriptionum
636 1653 753 1728 sylloge
775 1653 869 1711 docet.
915 1671 981 1709 nam
1016 1653 1042 1710 si
1075 1653 1229 1730 exceperis
1252 1654 1335 1712 Iovis
1366 1652 1503 1729 epulonis
1533 1651 1618 1709 basin

290 1740 414 1831 originis
436 1754 566 1811 incertae
588 1753 629 1828 (1.
651 1754 689 1810 ad
713 1754 795 1829 151),
818 1754 926 1812 deinde
948 1754 1050 1813 titulos
1073 1755 1152 1812 intra
1172 1755 1290 1814 aedium
1314 1773 1466 1813 sacrarum
1488 1753 1617 1830 parietes

289 1855 441 1914 dedicatos
470 1853 656 1913 Concordiae
676 1854 824 1929 (11-16.
856 1855 904 1915 50.
938 1855 1010 1930 155)
1040 1856 1153 1915 Vestae
1178 1857 1246 1932 (53:
1276 1875 1304 1913 v.
1334 1856 1424 1930 iufra)
1453 1853 1616 1914 Libertatis

289 1956 370 2032 (20),
404 1957 551 2031 basesque
581 1957 737 2033 Augustae
766 1958 871 2016 domus
901 1958 1056 2016 Fortunae
1082 1959 1196 2016 Reduci
1219 1957 1372 2017 Victoriae
1398 1956 1472 2016 Paci
1502 1957 1616 2013 dicatas

289 2159 365 2218 sacri
389 2159 611 2234 relinquuntur:
645 2159 772 2218 Volcani
794 2161 900 2235 deique
923 2161 1027 2219 incerti
1050 2160 1177 2219 dedicati
1210 2162 1248 2220 ab
1278 2163 1456 2237 imperatore
1478 2159 1615 2235 Augusto

289 2259 374 2336 (121.
400 2259 482 2336 123),
505 2261 644 2320 Herculis
663 2261 812 2320 Tiburtini
835 2260 883 2337 (72
907 2282 1086 2339 quamquam
1108 2262 1166 2321 lroc
1187 2281 1306 2339 quoque
1328 2271 1548 2321 monumentum
1571 2262 1616 2336 ip·

288 2364 350 2421 sius
373 2366 503 2421 stationis
526 2363 574 2421 ubi
597 2365 720 2422 extabat
741 2363 834 2421 tutela
855 2364 1022 2440 utebatur),
1045 2364 1123 2423 tituli
1143 2355 1264 2438 Ἀθάνᾳ
1286 2355 1464 2447 ἅποτροπαῖᾳ
1485 2372 1516 2423 et
1536 2357 1615 2419 11111-

289 2453 416 2523 σικιέκοις
430 2459 512 2524 θεοῖς
533 2482 567 2522 ec
588 2466 704 2523 maculo
727 2464 854 2524 dedicati
878 2463 963 2539 (135.
983 2466 1050 2524 136.
1066 2466 1099 2524 cf
1109 2466 1174 2542 45),
1197 2467 1253 2525 hoc
1274 2477 1322 2526 est
1345 2468 1380 2525 de
1402 2466 1536 2525 ducentis
1559 2466 1613 2522 cir-

288 2565 361 2622 citer
376 2564 517 2641 quinque.
551 2584 610 2641 quo
626 2567 723 2643 magis
738 2566 905 2625 mirandum
920 2577 1001 2626 esset
1015 2569 1095 2644 quod
1110 2588 1188 2627 anno
1205 2568 1263 2627 367
1280 2587 1308 2644 p.
1318 2567 1354 2628 C.
1371 2571 1485 2626 deorum
1500 2586 1615 2626 consen·

288 2669 356 2724 tium
382 2677 565 2726 comosaacta
591 2669 747 2728 simulacra
773 2670 932 2728 restituere
954 2670 1069 2745 placuit
1090 2668 1149 2745 (2),
1175 2670 1233 2728 nisi
1257 2669 1305 2728 De
1325 2670 1429 2729 Rossii
1451 2669 1614 2746 praeclaris

288 2768 539 2844 disputationibus
562 2779 721 2842 constaret,
751 2772 848 2847 quarti
870 2771 1026 2848 quintique
1048 2772 1237 2831 saeculorum
1258 2771 1452 2847 imperatores
1475 2770 1614 2828 christia·

287 2889 342 2928 nos
363 2870 406 2928 ita
428 2890 486 2929 non
508 2873 539 2929 iu
562 2890 680 2949 pagana
695 2885 886 2931 monumenta
907 2874 1042 2931 saevisse
1064 2882 1095 2931 ut
1117 2892 1153 2930 ea
1175 2872 1240 2930 urbi
1255 2871 1353 2930 decori
1375 2889 1442 2930 esse
1464 2872 1612 2930 voluerint

287 2973 427 3048 adempta
448 2973 670 3050 superstitione.
715 2974 768 3033 sed
785 2983 1017 3033 cousentaneum
1039 2981 1086 3033 est
1108 2993 1226 3032 ararum
1248 2973 1461 3049 signorumque
1483 2973 1610 3049 antiqui-

287 3083 334 3132 tus
355 3075 384 3131 in
408 3074 473 3132 loro
495 3076 695 3133 dedicatorum
718 3086 832 3152 partem
855 3076 996 3134 maiorem
1019 3084 1064 3134 tot
1079 3092 1222 3133 novorum
1238 3086 1495 3134 monumentorum
1518 3094 1613 3153 paene

287 3176 414 3252 siugulis
437 3177 524 3234 annis
547 3177 612 3235 loro
634 3178 847 3236 immolitorum
867 3177 1025 3253 irruptioni
1047 3178 1204 3236 continuae
1233 3177 1360 3236 cessisse
1392 3177 1547 3254 paulatim,
1582 3184 1613 3236 ut

287 3296 346 3335 non
367 3277 411 3334 ita
432 3278 526 3335 multa
547 3279 719 3338 duraverint
740 3279 778 3338 ad
799 3280 1011 3355 imperatorum
1033 3279 1152 3338 illorum
1174 3278 1281 3339 nedum
1305 3279 1344 3337 ad
1364 3276 1552 3338 ‘barbaricae
1573 3284 1612 3338 ir·

286 3373 445 3456 ruptionis'
476 3387 619 3456 tempora.
663 3382 763 3457 itaque
786 3382 928 3440 detractis
960 3381 1024 3441 illis
1057 3382 1152 3440 titulis
1184 3382 1279 3441 sacris
1308 3382 1380 3458 quid
1402 3381 1508 3440 mirum
1531 3382 1613 3457 quod

286 3480 391 3555 reliqui
415 3491 485 3538 sunt
505 3482 639 3557 plerique
655 3485 809 3562 Augustae
832 3484 938 3542 domus
956 3484 1145 3559 virorumque
1164 3483 1378 3542 honoratorum
1400 3484 1536 3559 interque
1558 3503 1611 3543 eos

286 3601 413 3657 (quorum
436 3591 520 3641 aetas
542 3593 623 3641 certa
655 3585 695 3642 sit
717 3586 768 3643 vix
802 3585 954 3644 dimidiam
987 3594 1102 3660 partem
1124 3584 1257 3643 efficiunt
1288 3583 1368 3643 tituli
1389 3585 1609 3644 Antoninorum

286 3691 383 3743 aetate
411 3684 607 3760 antiquiores,
635 3685 748 3745 liberae
769 3695 868 3745 autem
893 3687 935 3745 rei
964 3686 1099 3762 publicae
1126 3687 1307 3763 temporibus
1329 3687 1501 3764 paucissimi
1524 3687 1610 3762 eique

286 3789 427 3845 extremis
444 3786 548 3863 scripti
570 3796 648 3844 sunt.
683 3806 821 3863 quaeres
837 3789 1025 3865 quoclarius
1041 3798 1239 3865 cognoscatur
1260 3788 1435 3847 laterculum
1457 3789 1609 3847 titulorum

285 3899 366 3947 certa
387 3889 493 3948 aetatis
517 3895 589 3946 nota
611 3889 773 3966 insignium
796 3892 874 3950 inira
895 3891 1019 3951 exhibui
1033 3890 1185 3949 distinctis
1209 3890 1353 3950 aediliciis
1374 3890 1512 3967 publicis,
1534 3909 1611 3966 quae

286 4009 381 4067 pauca
402 4001 481 4061 sunt,
503 3991 673 4050 litteratura
693 3992 850 4068 quadrata.

285 4193 420 4271 Syllcpoe
433 4213 565 4256 numeras
792 4206 996 4255 monumentum
1263 4214 1356 4253 aanor
1379 4193 1483 4269 (actas,
1505 4196 1587 4272 imp.)

306 4398 345 4456 92
589 4416 689 4459 aacvs
709 4417 857 4460 aasraavs
877 4401 974 4460 tactus
1036 4445 1043 4459 .
1088 4443 1095 4457 .
1140 4442 1147 4456 .
1192 4442 1199 4455 .
1242 4399 1343 4457 assa

589 4503 747 4562 restitutus
777 4542 1199 4561 .........
1243 4520 1270 4558 a.
1295 4500 1374 4559 698?

589 4605 618 4662 b.
640 4604 681 4662 Μ.
706 4602 802 4680 Cispii
824 4603 861 4662 L.
882 4605 903 4664 f.
926 4611 1046 4679 praet..
1092 4644 1099 4659 .
1143 4643 1150 4658 .
1195 4645 1201 4658 .
1245 4602 1304 4660 inc.
1327 4619 1404 4660 saec.
1428 4602 1508 4660 Vll?

589 4707 617 4764 b.
651 4707 862 4783 magistrorum
896 4705 1013 4783 collegii
1047 4703 1200 4763 tibicinum

671 4809 736 4866 lovi
757 4808 888 4884 Epuloni
911 4824 996 4867 sacra
1036 4849 1043 4864 .
1089 4852 1096 4866 .
1141 4850 1147 4863 .
1192 4848 1199 4864 .
1243 4807 1300 4865 iuc.
1323 4823 1402 4866 saec.
1424 4806 1500 4867 Vll?

588 4910 672 4969 basis
686 4910 729 4985 (l)
750 4907 787 4966 L.
810 4908 918 4968 Planci
939 4907 975 4966 1..
991 4910 1043 4967 f..
1088 4953 1095 4966 .
1141 4953 1147 4966 .
1192 4953 1199 4967 .
1296 4908 1356 4968 712

588 5011 617 5069 b.
641 5012 780 5087 Augusto
802 5010 937 5069 dedicata
983 5052 1199 5069 .....
1296 5010 1356 5070 725

588 5111 617 5169 b.
642 5110 778 5170 Volcano
801 5112 838 5171 ab
861 5113 1000 5191 Augusto
1023 5113 1050 5170 d.
1089 5155 1095 5170 .
1140 5155 1147 5168 .
1193 5157 1200 5170 .
1296 5112 1355 5171 745
