3510 5812
205 482 253 551 56
305 470 308 477 ’
618 497 764 548 nsnznn
798 497 1123 549 ov'rsns'rsnrsns.

205 692 274 731 narn
301 689 481 748 quemqnam
508 689 568 729 non
596 671 788 730 inveniuntur
819 671 847 728 in
874 671 960 730 libris
989 672 1085 747 ipsius
1113 671 1243 748 Ligorii,
1270 671 1409 748 leguntur
1435 682 1541 732 temon

206 793 295 834 manu
329 773 417 832 tertia
451 773 593 848 adscripti
629 774 659 831 in
694 772 795 831 codice
824 773 965 850 anonymi
997 773 1147 833 Viscontei
1181 772 1412 851 Ligorianorum
1445 775 1540 851 pleno

206 877 240 953 (s.
258 871 313 934 29‘.
338 871 407 950 30‘).
459 874 580 933 Titulus
611 892 701 950 porro
730 873 816 933 Grut.
838 876 908 948 535,
930 874 959 947 2,
992 894 1081 952 quem
1114 895 1152 934 ex
1179 875 1352 937 Ursininnis
1377 877 1542 954 descripsit

208 977 434 1048 Gutenstenius‚
456 978 539 1035 venit
560 976 716 1054 nLigorio
739 978 809 1053 (ms.
826 975 923 1054 Nenp.
942 978 994 1037 lib.
1019 978 1072 1054 39)
1095 978 1148 1050 ita,
1171 986 1204 1037 ut
1224 979 1361 1038 versibus
1383 979 1539 1056 prioribus

205 1082 301 1140 tribus
323 1081 449 1140 sinceris
471 1080 498 1137 is
518 1080 702 1155 posteriores
722 1080 758 1138 de
779 1097 833 1138 suo
854 1078 1003 1140 adiecerit.
1052 1080 1128 1139 Item
1150 1089 1250 1158 potest
1271 1099 1340 1142 esse
1353 1081 1541 1160 Ligorisnus

206 1184 312 1243 titulus
337 1180 424 1242 Grut.
441 1182 511 1252 371,
527 1183 557 1254 4,
579 1200 667 1258 quem
691 1202 707 1240 e
729 1200 784 1240 ms.
808 1181 913 1242 Smetii
942 1189 972 1240 et
992 1181 1095 1242 Ursini
1120 1181 1340 1245 Gutenstenius
1366 1184 1541 1262 descripsit.

290 1285 375 1343 Hace
401 1283 492 1342 hobui
516 1283 652 1343 addendo
673 1285 721 1357 iis,
750 1303 826 1361 queo
852 1285 887 1343 de
916 1285 974 1343 fide
997 1284 1190 1346 Gutenstenii
1218 1287 1391 1348 observavit
1410 1288 1542 1347 Momm·

208 1405 309 1447 senus.
353 1385 438 1461 Quae
460 1387 597 1463 quamvis
612 1406 709 1463 pauca
731 1388 792 1445 sint
811 1396 840 1447 et
863 1388 983 1446 levioris
999 1391 1152 1461 momenti,
1176 1391 1213 1449 ad
1229 1389 1468 1470 cognoscendam
1494 1410 1544 1449 ra-

207 1491 330 1562 tionem,
352 1508 412 1565 qua
434 1506 506 1548 usus
528 1489 567 1546 sit
590 1488 707 1548 schedis
729 1491 793 1548 sive
816 1490 996 1550 Metellisnis
1019 1492 1083 1550 sive
1115 1490 1321 1569 Carpensibus
1345 1492 1460 1569 aliquid
1483 1496 1544 1551 uti·

209 1592 304 1651 litatis
328 1591 466 1650 videntur
488 1591 597 1650 habere
619 1609 717 1668 posse.

1242 1698 1291 1756 W.
1307 1697 1453 1757 Hsnzss.
