3510 5812
256 2134 768 2251 osssunvlslonns
806 2134 1282 2249 uslunlsffloln

688 2371 840 2378 ——.

114 2599 246 2694 XIX.
296 2601 524 2695 ALBVM
555 2598 818 2695 ORDINIS
848 2597 1412 2694 THAMVGADENSIS.

12 2943 16 2950 ,
99 2816 199 2944 Inter
220 2884 281 2942 alia
302 2896 496 2944 monumenta
518 2904 595 2962 quae
618 2890 731 2944 anricus
754 2897 783 2942 et
805 2885 906 2942 socius
930 2882 1084 2942 Gustavus
1109 2883 1278 2941 Wilmanns
1304 2884 1361 2941 iter
1383 2883 1426 2941 la·

98 2988 180 3047 ciens
193 2987 225 3045 in
237 2986 342 3045 Africa
356 2988 518 3064 indagavit,
535 2989 572 3046 ad
588 3007 633 3046 me
649 2988 730 3046 misit
744 2986 774 3043 id
789 2986 870 3061 quod
886 2985 1021 3062 sequitur
1036 2985 1193 3054 edendum,
1207 2995 1240 3042 ut
1255 2984 1426 3059 speciminis

96 3090 163 3149 loeo
183 3089 215 3148 id
229 3097 309 3148 esset
324 3090 413 3147 etiam
436 3101 503 3165 post
524 3107 649 3148 messem
665 3089 877 3148 Renierianam
898 3108 958 3146 non
973 3087 1220 3145 contemnendum
1237 3086 1294 3144 sibi
1310 3105 1427 3144 reman-

97 3191 172 3251 sisse
188 3191 386 3268 spicilegium.
423 3189 523 3269 Leges
539 3202 637 3249 antem
654 3191 740 3248 huius
755 3190 954 3266 ephemeridis
969 3209 1035 3248 oum
1057 3189 1088 3246 in
1110 3189 1279 3247 universum
1296 3207 1354 3247 non
1376 3189 1427 3246 ad·

64 3282 71 3295 ’
96 3295 213 3352 mittant
227 3292 286 3351 nisi
302 3293 510 3370 supplementa
521 3312 622 3351 earum
638 3293 774 3367 eorporis
789 3292 918 3367 partium
931 3310 1008 3367 qnae
1023 3290 1207 3366 prodierunt,
1220 3290 1325 3367 optimi
1338 3290 1427 3348 amici

96 3396 190 3455 iussis
213 3395 419 3471 obtemperare
443 3412 477 3452 eo
500 3395 598 3453 minus
622 3394 765 3465 dubitavi,
792 3394 873 3470 quod
895 3393 999 3451 titulus
1022 3392 1129 3469 dignus
1152 3393 1268 3468 estqui
1291 3408 1425 3450 seorsum

95 3496 220 3573 prodeat
246 3516 312 3556 eum
339 3496 551 3555 commentario
580 3496 605 3554 si
635 3516 694 3554 non
720 3497 811 3564 iusto,
839 3503 918 3554 eerte
946 3495 1080 3569 pleniore
1106 3511 1196 3570 quam
1223 3493 1300 3551 udiei
1327 3502 1428 3568 potest

95 3598 126 3658 in
148 3599 282 3657 ordinem
304 3598 418 3657 relatis.
462 3597 553 3657 Basia
576 3609 620 3657 est
645 3608 764 3675 reporta
786 3596 993 3672 Tlramugade‚
1021 3597 1111 3655 hodie
1132 3595 1271 3673 Timgisd,
1300 3596 1330 3652 in
1357 3612 1425 3670 pro·

96 3701 196 3760 vincia
210 3700 363 3771 Numidia,
387 3700 448 3759 alta
470 3702 621 3768 m.1.10,
645 3701 706 3758 lata
728 3701 758 3757 in
781 3700 880 3759 antica
898 3700 927 3756 0.
945 3696 983 3757 26
1007 3708 1035 3757 et
1057 3698 1085 3755 0.
1102 3697 1141 3757 25
1165 3698 1318 3756 deficiente
1340 3706 1426 3772 parte

94 3803 203 3875 media,
226 3804 257 3861 in
284 3803 378 3860 latere
401 3811 527 3878 utroque
549 3803 578 3860 0.
596 3802 651 3872 573
673 3801 779 3859 litteris
803 3802 872 3859 altis
895 3802 925 3859 in
947 3801 1046 3857 antica
1068 3820 1086 3856 a
1108 3800 1136 3856 0.
1153 3799 1192 3858 08
1217 3799 1255 3857 ad
1278 3800 1306 3856 0.
1322 3800 1372 3869 05,
1395 3799 1425 3856 in

94 3904 239 3964 lateribus
257 3906 284 3961 0.
302 3903 341 3962 02
357 3923 417 3961 non
432 3902 564 3979 pulchris
581 3904 627 3976 iis,
644 3904 697 3962 sed
713 3902 849 3962 lectionis
864 3910 971 3961 certae.
994 3901 1119 3959 Postiea
1134 3920 1297 3977 numquam
1314 3900 1426 3976 scripta

94 4006 160 4065 init.
204 4006 364 4083 Inscriptio
386 4016 506 4082 praeter
521 4007 637 4064 antioae
658 4005 775 4064 litteras
791 4005 936 4080 quasdam
960 4004 990 4061 in
1013 4003 1117 4061 mediis
1134 4002 1268 4061 versibus
1284 4002 1424 4060 effractae

94 4109 210 4184 integra
239 4109 277 4166 ad
304 4125 361 4166 nos
387 4107 522 4184 pervenit
543 4108 734 4183 abundatque
761 4107 890 4182 spatium
913 4105 944 4163 in
971 4105 1115 4163 lateribus
1138 4105 1189 4176 ita,
1213 4113 1246 4162 ut
1267 4103 1425 4179 quadrata-

92 4209 156 4267 rius
178 4210 267 4269 facile
287 4210 381 4268 multo
404 4209 490 4285 plura
513 4210 554 4268 ibi
576 4210 761 4287 perscribere
783 4208 921 4284 potuerit.
964 4207 1037 4284 lpse
1058 4207 1215 4282 inscriptio
1238 4207 1312 4263 haee
1334 4212 1388 4262 ost.
