3510 5812
494 1745 576 1855 llll
617 1745 832 1857 §louis
871 1743 1006 1858 OPIS

245 2008 659 2118 naumvsovu
690 2007 834 2105 oris
864 2012 945 2104 m
977 1974 1257 2108 slavum

551 2227 775 2279 DISPVTATIO
799 2230 954 2281 ALTERA.

180 2715 426 2795 HENRIOVS
453 2716 714 2793 JORDANVS
742 2718 1012 2795 WILHELMO
1040 2719 1273 2796 HENZENO
1303 2749 1331 2794 s.

91 2974 189 3117 Ad
210 3056 367 3114 Arvalium
391 3056 583 3133 hemerologii
606 3057 748 3133 reliquias
772 3077 790 3115 a
812 3068 851 3129 te,
874 3057 918 3115 vir
940 3058 1211 3133 praestantissime,
1238 3077 1317 3115 anno
1344 3056 1422 3116 1868

91 3158 219 3235 primum
241 3157 338 3216 editas
362 3167 393 3216 ut
414 3158 535 3217 redeam
557 3141 762 3231 explicandas,
791 3178 911 3218 oausam
936 3160 1031 3219 habeo
1054 3160 1186 3218 adlatam
1209 3160 1246 3217 ad
1269 3179 1315 3219 ure
1338 3159 1423 3217 milri·

92 3280 150 3337 que
178 3261 257 3319 dono
280 3261 381 3318 datam
402 3260 564 3319 editionem
587 3271 667 3319 tuam
690 3261 820 3321 eiusdem
845 3263 1027 3321 monumenti
1050 3262 1185 3320 alteram.
1229 3263 1259 3320 in
1287 3281 1322 3319 eo
1345 3262 1423 3319 enim

94 3364 246 3422 volumine
268 3382 335 3421 eum
359 3363 475 3421 videam
499 3370 528 3421 te
551 3363 666 3421 calculo
690 3372 741 3421 tuo
763 3365 1006 3441 comprobavisse
1029 3350 1254 3423 observationes
1278 3364 1424 3440 quasdam

92 3484 175 3525 meas
197 3485 292 3543 nuper
313 3465 349 3522 de
372 3467 465 3523 saeris
487 3466 658 3542 temploque
681 3465 757 3543 Opis
781 3466 914 3543 opiferae
937 3467 1047 3539 factas,
1076 3466 1236 3543 reliquisse
1259 3473 1358 3524 autem
1380 3466 1424 3523 iu·

92 3578 187 3627 tactas
210 3568 324 3644 aliquot
346 3567 558 3639 dubitationes,
587 3587 665 3643 quae
694 3568 732 3627 ad
759 3569 892 3626 eiusdem
920 3569 993 3627 deae
1019 3569 1107 3628 aedes
1130 3587 1232 3627 sacras
1256 3568 1426 3626 sacrariave

92 3680 172 3730 recte
195 3670 377 3729 dinoscenda
398 3672 579 3745 pertineant,
607 3670 709 3729 nescio
738 3689 774 3727 an
803 3670 855 3728 tibi
882 3671 982 3749 operis
1010 3672 1084 3729 tanti
1113 3679 1173 3728 tam
1199 3671 1325 3729 feliciter
1352 3689 1370 3726 a
1397 3680 1426 3727 te

94 3774 244 3849 profligati
266 3773 393 3849 gratiam
414 3792 469 3850 pro
484 3772 561 3830 virili
586 3780 670 3849 parte
692 3773 842 3830 relaturus
857 3790 924 3831 esse
941 3773 1053 3844 videar,
1075 3774 1102 3831 si
1124 3773 1300 3832 solutionem
1324 3790 1425 3829 earum

95 3895 180 3934 ame
208 3884 379 3953 temptatam
408 3875 447 3932 ad
474 3887 502 3932 te
532 3875 646 3932 mittam
675 3885 815 3950 tanquam
840 3874 944 3932 harum
966 3894 1064 3933 rerum
1090 3876 1309 3933 aestimatorem
1334 3892 1423 3930 unum

94 3979 226 4036 omnium
249 3986 279 4034 et
299 3977 512 4055 gravissimum
534 3986 563 4034 et
584 3976 809 4053 aequissimum.

180 4078 239 4141 Sed
263 4078 390 4154 utquid
416 4079 457 4136 rei
486 4078 525 4136 sit
552 4086 581 4137 et
608 4086 640 4137 tu
662 4085 692 4136 et
713 4079 809 4154 siquis
832 4079 909 4137 alius
937 4080 1010 4137 haee
1033 4097 1100 4137 mea
1121 4078 1225 4155 legerit
1247 4077 1334 4135 laeile
1356 4095 1426 4153 eog-

95 4183 238 4253 noscatis‚
261 4182 388 4258 primum
410 4182 681 4258 hemerologiorum
703 4183 835 4241 omnium
859 4182 896 4240 de
912 4180 987 4258 Opis
1010 4181 1105 4239 saeris
1127 4180 1300 4239 memoriam
1324 4179 1427 4238 tabula

95 4286 173 4344 inira
195 4284 328 4360 ascripta
348 4284 592 4359 repraesentabo:
