3510 5812
730 502 1008 553 ADDITAMENTA

290 678 403 753 Accepi
431 677 565 735 tabulam
593 684 730 735 accurate
759 676 938 752 descriptam
968 676 1149 751 plumboque
1179 685 1336 752 praeterea
1363 695 1539 752 expressam

208 781 354 841 beneficio
378 779 550 856 Wolfgangi
573 777 707 854 Helbigii
729 780 767 836 ab
789 779 864 836 actis
887 778 1015 837 instituti
1038 778 1143 849 nostri,
1171 779 1256 836 cuius
1279 778 1448 838 indefessae
1470 797 1539 838 ocu·

207 884 345 959 lataeque
367 880 533 940 industriae
555 890 673 957 praeter
695 881 936 957 archaeologiam
951 889 1095 957 quantum
1117 880 1293 957 epigraphis
1313 880 1430 953 debeat,
1454 890 1539 959 grato

210 987 310 1044 animo
338 983 486 1043 recordor.
530 981 713 1041 Litterarum
746 982 967 1041 dimidiatarum
1001 1002 1067 1041 cum
1096 983 1177 1041 iusta
1206 991 1315 1060 ectypa
1341 983 1423 1041 nullo
1453 985 1540 1042 modo

208 1087 311 1166 pertici
338 1095 474 1164 possent,
504 1082 716 1144 Gamurrinius
741 1084 787 1143 uir
814 1085 1000 1144 clarissimus
1027 1103 1095 1144 mea
1121 1103 1214 1144 eausa
1242 1085 1467 1145 accuratissime
1490 1104 1541 1144 eas

210 1190 338 1267 excepit.

292 1291 456 1368 Exemplar
478 1291 536 1349 hoc
558 1308 624 1348 cum
646 1298 735 1348 antea
761 1289 840 1347 notis
867 1299 900 1347 ut
921 1296 1000 1347 recte
1022 1289 1201 1361 conferatur,
1229 1291 1357 1366 primum
1381 1290 1540 1349 videndum

211 1404 267 1466 est,
289 1395 375 1453 cuius
397 1394 505 1453 aetatis
528 1394 581 1463 sit3
609 1409 677 1450 esse
704 1398 803 1450 autem
830 1409 869 1448 ex
895 1391 1112 1467 antiquissimis
1139 1391 1227 1450 huius
1249 1392 1368 1468 generis
1389 1411 1467 1468 quae
1489 1395 1542 1451 ha·

211 1500 345 1567 beamus,
369 1495 415 1554 vel
438 1493 670 1571 orthographica
691 1492 863 1563 ostendunt,
886 1493 961 1552 locdi
981 1494 1055 1568 Apr.
1075 1494 1205 1552 14-19.
1229 1492 1352 1552 28—30
1376 1503 1406 1552 et
1423 1495 1543 1570 Vein(u·

214 1599 269 1675 liu)
293 1600 367 1675 Apr.
385 1596 433 1655 23.
477 1597 518 1655 Et
539 1596 722 1673 publicatum
746 1595 865 1672 quidem
893 1613 960 1653 esse
987 1605 1057 1670 post
1079 1614 1106 1653 a.
1131 1595 1190 1653 745
1218 1595 1368 1672 colligitur
1390 1617 1428 1654 ex
1451 1596 1543 1656 adno-

212 1702 325 1760 tatione
347 1699 383 1757 ad
405 1699 468 1757 lan.
486 1698 540 1771 30;
568 1712 636 1757 ante
664 1717 751 1774 quern
778 1716 888 1754 annum
917 1697 1062 1774 scriptum
1091 1697 1131 1756 sit
1157 1708 1239 1756 carta
1263 1698 1379 1756 ratione
1408 1699 1544 1758 determi-

213 1803 278 1862 nari
301 1821 360 1861 non
383 1809 492 1878 potest,
521 1819 588 1859 eum
616 1818 713 1875 neque
739 1820 776 1857 ex
804 1799 923 1858 silentio
946 1799 1212 1876 argumentandum
1243 1800 1400 1875 sitneque
1422 1820 1458 1858 ex
1482 1802 1544 1860 die·

213 1925 279 1963 rum
306 1904 385 1962 notis
413 1913 536 1980 propter
561 1903 707 1960 rationem
735 1921 837 1961 earum
868 1901 898 1958 iu
931 1902 989 1960 hoc
1016 1902 1154 1977 exemplo
1188 1902 1383 1980 singularem,
1416 1903 1452 1960 de
1486 1921 1545 1978 qua

215 2011 318 2066 statim
341 2007 465 2064 dicetur.

297 2109 424 2167 Dierum
446 2116 534 2166 notae
556 2126 575 2164 a
596 2106 759 2165 Maffeiuno
781 2105 852 2163 huic
873 2125 911 2163 ex
933 2105 1118 2182 plenioribus
1142 2114 1275 2182 tempore
1301 2106 1439 2183 proximo
1462 2109 1545 2166 diffe-

214 2220 285 2271 runt
306 2218 418 2286 septem
442 2210 509 2281 hae,
531 2217 645 2268 utnon
667 2226 856 2267 numeremus
878 2207 943 2265 Iun.
963 2208 1010 2279 15,
1034 2208 1082 2266 ubi
1106 2223 1134 2264 re
1157 2218 1205 2266 est
1225 2208 1256 2266 iu
1272 2206 1438 2267 Caeretano
1462 2220 1492 2268 ut
1515 2215 1544 2268 iu

217 2314 286 2372 aliis
309 2330 381 2372 cusu
404 2311 549 2370 omissum
570 2312 601 2369 in
623 2311 794 2369 Maffeiauo.

302 2417 327 2472 l.
371 2415 435 2472 lau.
460 2415 500 2472 30
525 2414 573 2472 hic
588 2412 725 2488 s(ustus)
752 2420 807 2484 est,
836 2420 868 2470 ut
894 2412 971 2469 diem
999 2411 1094 2470 fuisse
1121 2411 1190 2469 iude
1212 2412 1441 2489 collegeramus,
1463 2416 1545 2490 quod

215 2531 262 2576 est
282 2517 362 2588 inter⁴
380 2517 481 2575 decem
504 2537 523 2574 a
544 2514 677 2575 Caesare
704 2513 742 2573 ad
770 2533 880 2573 annum
902 2514 1019 2572 additos
1049 2515 1145 2572 fastos
1168 2532 1288 2585 omnes3
1317 2515 1369 2572 sed
1398 2516 1480 2574 feriis
1502 2517 1547 2575 in-

216 2619 329 2678 stitutis
356 2639 382 2676 a.
408 2619 467 2678 745
495 2628 567 2677 nota
593 2618 755 2676 substituta
776 2625 822 2674 est
844 2633 883 2687 re,
904 2634 992 2691 quam
1020 2615 1133 2673 habent
1154 2624 1184 2673 et
1204 2616 1356 2674 Maffeiaui
1380 2617 1464 2690 (lieet
1485 2638 1547 2676 cor·

215 2731 333 2797 ruptam
362 2721 393 2777 in
419 2720 456 2795 u)
484 2729 514 2778 et
541 2719 741 2779 Praenestini.
785 2716 944 2776 Caeretani
973 2718 1126 2792 antiquam
1153 2725 1253 2775 notam
1287 2718 1424 2790 retinent,
1456 2721 1548 2780 ferias

216 2833 316 2881 tamen
342 2821 528 2891 adscribunt3
562 2820 643 2896 quod
669 2838 735 2879 cum
765 2819 868 2878 redeat
893 2819 973 2877 inira
998 2818 1085 2877 Mart.
1110 2819 1147 2876 27
1176 2826 1206 2876 et
1233 2820 1307 2896 Apr.
1332 2818 1386 2893 28,
1419 2822 1490 2881 fasti
1517 2824 1549 2882 hi

218 2931 363 3000 perpetuo
393 2941 458 2980 eam
483 2923 581 2998 legem
603 2922 741 2980 videntur
763 2922 858 2980 secuti
880 2938 956 2992 esse,
980 2930 1012 2979 ut
1034 2923 1173 2997 antiquae
1198 2922 1312 2980 diarum
1336 2933 1424 2982 notae
1446 2944 1549 3001 quam·

219 3045 308 3103 quam
336 3034 443 3100 postea
470 3031 602 3083 mutatae
630 3023 713 3081 feriis
742 3022 880 3094 adiectis,
908 3023 1102 3081 nihilominus
1129 3023 1337 3083 retinerentur.
1388 3026 1495 3103 ltaque
1524 3028 1550 3087 si

219 3129 300 3207 pleni
327 3135 429 3186 essent
450 3126 521 3185 lasti
543 3126 583 3196 hi,
613 3145 652 3185 ex
674 3125 778 3183 diebus
801 3125 967 3195 duodecim,
994 3143 1120 3200 quorum
1143 3126 1272 3203 pristina
1293 3128 1429 3186 condicio
1453 3129 1550 3187 adhuc

219 3231 412 3307 ignorabatur
434 3227 477 3305 (p.
495 3227 580 3302 366),
602 3246 662 3286 non
685 3228 760 3286 duos
783 3236 898 3286 tantum
920 3227 1134 3304 explevissent,
1157 3227 1210 3287 sed
1233 3248 1345 3287 omnes.

304 3329 332 3389 2.
377 3328 465 3389 Febr.
483 3329 518 3388 21
546 3328 698 3387 Feralium
722 3329 787 3388 dies
809 3330 858 3387 hic
879 3338 1000 3387 notatur
1023 3346 1055 3386 r·
1073 3347 1104 3402 r,
1127 3350 1192 3389 cum
1216 3349 1236 3388 Ν
1260 3331 1352 3390 sitin
1378 3331 1549 3391 Malieiano.

219 3435 279 3494 llla
300 3443 372 3492 nota
394 3449 458 3490 rvr
480 3433 551 3490 item
579 3431 732 3508 adscripta
756 3438 801 3490 est
826 3431 859 3490 in
887 3431 973 3490 fastis
998 3431 1046 3491 his
1069 3432 1106 3489 ad
1132 3433 1210 3492 diem
1233 3432 1386 3492 Viualium
1408 3435 1483 3510 Apr.
1501 3434 1550 3507 73,

221 3538 273 3614 qui
299 3542 329 3594 in
352 3534 522 3593 Maffeianis
551 3540 653 3592 notam
681 3533 770 3592 habet
791 3549 831 3604 re,
852 3535 883 3591 in
905 3533 1112 3593 Praenestinis
1135 3552 1160 3594 r.
1205 3536 1343 3610 Denique
1365 3534 1487 3595 Vinalia
1508 3538 1551 3595 al-

222 3648 288 3699 tera
308 3639 387 3713 Aug.
414 3637 449 3695 19
473 3637 504 3694 in
526 3635 696 3694 Maffeianis
740 3635 997 3711 Amiterninisquc
1019 3647 1159 3696 notantur
1182 3653 1260 3708 the,
1283 3639 1313 3695 iu
1336 3638 1503 3697 Antiatinis
1526 3655 1552 3710 r,

222 3743 253 3801 in
279 3739 475 3800 Vallensibus
499 3754 537 3796 re.
581 3736 671 3812 Quod
692 3737 765 3796 olim
789 3737 825 3796 de
851 3757 887 3796 ea
913 3746 985 3798 nota
1006 3740 1069 3797 dixi
1093 3738 1195 3813 (roll
1215 3759 1244 3815 p.
1262 3739 1336 3813 367)
1359 3740 1552 3816 significatio·

222 3864 290 3903 nem
313 3844 456 3901 incertam
483 3858 560 3910 esse,
589 3838 682 3898 videri
709 3849 807 3898 autem
834 3840 982 3916 pertinere
1011 3841 1047 3899 ad
1075 3841 1311 3900 coniunctionem
1340 3841 1399 3900 diei
1426 3842 1495 3902 lasti
1524 3850 1554 3901 et

222 3948 365 4006 seriarum
388 3943 532 4013 laetitiae,
555 3943 582 4000 ei
604 3940 684 4018 quod
706 3941 814 4000 addam
837 3961 874 4002 ue
897 3962 974 4002 nune
995 3944 1113 4019 quidem
1135 3943 1241 4000 habeo.

308 4049 335 4106 3.
379 4046 468 4105 Mart.
494 4046 531 4104 19
561 4042 802 4120 Quinquatruum
834 4046 898 4104 dies
926 4020 978 4103 lrie
1011 4053 1131 4102 notatur
1153 4059 1193 4114 rr,
1223 4053 1255 4102 ut
1282 4045 1383 4103 estin
1405 4044 1553 4105 Vaticano

224 4151 259 4225 (n
284 4148 423 4224 Praen.);
447 4165 467 4204 Ν
490 4148 587 4206 estin
610 4146 781 4219 Maffeian0,
805 4167 886 4206 mero
908 4164 1007 4205 errore
1030 4147 1146 4221 opinor.

308 4252 337 4308 4.
380 4249 468 4308 Mart.
485 4248 523 4306 27
547 4249 699 4325 antiquam
719 4259 822 4311 notam
844 4266 859 4306 s
881 4267 959 4308 nunc
975 4248 1093 4306 demum
1114 4248 1372 4322 recuperavimus3
1395 4270 1463 4308 nam
1479 4269 1555 4326 quae

225 4363 272 4411 est
293 4352 324 4409 iu
345 4350 515 4410 Maffeianis
537 4367 576 4422 rr,
605 4371 671 4410 eam
693 4359 776 4428 patet
796 4350 977 4410 descendere
999 4370 1037 4408 ex
1063 4349 1144 4407 feriis
1168 4349 1360 4408 Alexandrea
1382 4370 1400 4407 a
1423 4350 1555 4411 Caesare

227 4454 373 4513 dictatore
395 4461 516 4529 recepta
536 4453 681 4512 institutis
704 4472 730 4511 a.
749 4453 817 4511 707.
862 4452 1042 4527 Adseriptae
1065 4458 1163 4511 autem
1185 4452 1308 4510 suntin
1329 4453 1416 4511 fastis
1437 4454 1485 4512 his
1507 4455 1557 4512 hic

227 4573 346 4632 quoque
367 4555 459 4612 feriae
481 4573 576 4612 novae
596 4564 711 4613 retenta
732 4562 804 4612 nota
825 4555 884 4613 diei
907 4554 1028 4630 antiqua
1050 4553 1093 4628 (v.
1116 4554 1153 4611 ad
1176 4553 1240 4611 lan.
1264 4555 1328 4631 30).

313 4657 340 4714 5.
384 4658 459 4732 Apr.
487 4657 522 4714 19
547 4657 610 4716 dies
632 4654 794 4715 Cerialium
817 4673 837 4712 Ν
861 4665 980 4715 notatus
1006 4675 1107 4714 errore
1129 4657 1235 4732 opinor
1263 4657 1294 4715 in
1317 4657 1485 4717 Maffeianis
1508 4658 1557 4715 hic

229 4767 276 4819 est
298 4774 336 4816 re.

312 4861 341 4919 6.
386 4861 460 4936 Apr.
485 4857 523 4916 23
548 4859 614 4917 vide
636 4878 712 4936 quae
735 4860 797 4917 dixi
821 4861 859 4917 ad
883 4859 968 4917 Febr.
993 4859 1041 4916 21.

314 4963 341 5020 7.
386 4966 461 5040 Apr.
486 4962 525 5021 28
548 4963 672 5037 antiqua
686 4971 758 5021 nota
772 4979 786 5019 c
802 4962 850 5019 hic
870 4961 1011 5019 remansit
1026 4979 1064 5018 ex
1080 4961 1203 5038 reliquis
1217 4962 1305 5022 fastis
1323 4963 1418 5037 (Mati.
1435 4963 1556 5038 Praen.)

231 5065 360 5143 expulsa
380 5074 503 5143 propter
524 5065 614 5123 serias
637 5085 663 5121 a.
688 5063 746 5121 747
770 5063 921 5121 institutas
945 5064 1031 5138 signo
1047 5062 1159 5122 Vestae
1182 5065 1211 5120 in
1234 5065 1322 5122 domo
1345 5064 1485 5124 Caesaris
1510 5066 1557 5123 de-

231 5167 339 5226 dicato.
384 5167 424 5227 Et
445 5185 498 5226 eae
520 5177 619 5226 tamen
641 5165 732 5227 feriae
754 5165 785 5224 in
806 5167 887 5224 hisce
910 5165 996 5224 fastis
1019 5165 1202 5242 perscriptae
1225 5175 1302 5224 sunt.
