3510 5812
738 497 786 546 on
806 498 934 550 616616
954 498 1046 549 6616.
1508 483 1554 553 69

225 680 273 730 166
301 685 348 729 661
374 671 478 730 1116166
505 671 654 749 genuinus
681 670 747 741 ille,
777 689 864 747 quem
887 671 1061 730 Mazochius
1091 671 1141 730 161.
1168 672 1280 731 XXVI
1301 674 1450 744 exhibuit,
1477 675 1555 734 locus

225 776 398 850 adaipnatna
421 793 440 830 a
461 773 555 849 Nipro
578 784 604 831 et
626 773 800 832 Custoniono
824 791 884 831 car.
907 792 1022 850 operum
1039 775 1226 850 publicorum.
1271 775 1376 834 deinde
1404 776 1462 834 166
1493 786 1554 835 turn

224 896 292 935 cum
308 875 456 935 Gruterus
475 872 665 934 Gutenstenii
689 895 781 951 opera
803 893 876 933 usus
892 885 939 933 est
953 875 1121 952 Regionum
1144 877 1226 935 urbis
1249 877 1287 934 ab
1310 878 1429 936 homine
1452 880 1553 957 ignoto

223 977 471 1055 interpolatorum
493 977 678 1054 exemplaria
699 977 729 1034 in
753 976 889 1035 manibus
912 979 1043 1036 omnium
1065 988 1160 1037 erant.
1204 979 1263 1036 iam
1286 999 1351 1038 cum
1373 981 1403 1037 in
1425 981 1555 1056 genuina

222 1077 341 1137 Notitia
362 1080 517 1156 regionum
541 1079 591 1154 (R.
609 1078 701 1153 VIlI)
725 1080 867 1155 scriptum
890 1080 1083 1155 6111666166
1105 1079 1237 1151 Saturni,
1264 1081 1332 1139 inde
1360 1083 1479 1160 ignotus
1502 1083 1554 1140 ille

224 1183 353 1258 scriptor
377 1181 455 1256 (cod.
478 1180 547 1239 Vat.
573 1181 668 1256 3394)
696 1181 756 1238 leni
783 1201 872 1240 manu
900 1181 996 1240 effecit
1018 1185 1096 1241 aedis
1120 1183 1192 1258 Opis
1215 1193 1240 1242 at
1262 1181 1392 1253 Saturni,
1413 1184 1553 1242 nimirum

222 1302 335 1342 memor
351 1303 453 1343 eorum
476 1302 553 1359 quae
568 1283 604 1340 de
627 1284 732 1342 horum
754 1284 907 1341 numinum
929 1283 1074 1362 religione
1097 1285 1175 1360 apud
1190 1285 1375 1344 Macrobium
1392 1284 1454 1346 Sat.
1474 1289 1499 1358 l,
1516 1288 1553 1343 10

222 1385 344 1462 legerat.
388 1386 533 1444 audacius
549 1404 611 1444 rem
627 1387 688 1461 egit
709 1386 801 1443 Ianus
817 1385 1001 1445 Parrhasius
1016 1388 1046 1443 in
1062 1386 1191 1445 editione
1206 1385 1338 1445 Victoris
1360 1388 1405 1446 sui
1427 1406 1454 1444 a.
1473 1388 1552 1447 1505

220 1488 333 1545 emissa
361 1506 429 1545 curn
457 1488 579 1564 scripsit
601 1488 680 1546 aedis
705 1487 776 1563 0616
799 1499 825 1545 61
847 1486 970 1545 Saturni
991 1492 1019 1545 in
1043 1492 1104 1548 uico
1127 1491 1248 1564 inperio,
1278 1507 1354 1564 quae
1381 1490 1475 1547 verba
1500 1508 1553 1564 per

221 1588 366 1648 editiones
389 1589 520 1649 Victoris
549 1590 733 1665 posteriores
761 1598 927 1666 propagata
956 1599 1026 1649 sunt
1053 1590 1094 1666 (v.
1118 1590 1196 1667 Top.
1221 1589 1249 1662 2,
1265 1590 1324 1649 303
1342 1590 1413 1665 ss),
1441 1590 1552 1650 ebusus

219 1690 272 1749 1116
287 1691 440 1750 Vallensis
457 1692 624 1751 kalendarii
647 1694 706 1750 iam
729 1701 789 1750 tum
812 1693 950 1751 omuibus
973 1694 1036 1751 triti
1059 1701 1130 1751 nota
1152 1691 1190 1750 ad
1215 1692 1252 1750 10
1268 1694 1347 1771 Aug.
1363 1696 1461 1768 seriae
1482 1712 1553 1751 aruc

226 1792 297 1868 Opia
320 1803 345 1852 et
361 1793 472 1853 Cereris
495 1797 525 1851 in
540 1798 601 1853 uico
622 1799 735 1871 inparia
751 1797 917 1854 constitutae
932 1805 1005 1854 sunt.
1022 1829 1061 1837 -
1078 1813 1155 1870 quae
1177 1814 1243 1852 cum
1265 1795 1308 1853 ita
1329 1796 1390 1853 sint
1411 1795 1550 1871 quoniam

218 1895 323 1954 aedem
346 1892 468 1954 Saturni
496 1896 574 1954 binis
598 1894 719 1956 Saturni
747 1896 876 1973 610616
905 1897 1074 1956 nominibus
1103 1896 1344 1973 cognominatam
1373 1914 1551 1956 66666666

219 2004 356 2067 testatur,
382 2006 613 2057 cousentaneum
636 2009 683 2057 est
705 1999 760 2057 hoc
782 1998 878 2057 solum
903 1999 1038 2076 relinqui,
1062 2010 1095 2057 ut
1116 2017 1297 2075 quaeramus
1319 2018 1358 2057 an
1382 2000 1552 2059 testimonia

219 2105 279 2156 tam
303 2096 459 2158 Ciceronis
482 2100 517 2159 de
540 2101 668 2177 pecunia
688 2100 810 2177 publica
832 2120 850 2158 a
873 2098 1004 2160 Caesare
1026 2101 1153 2178 adopta
1175 2101 1280 2160 relicta
1302 2120 1392 2177 quam
1416 2102 1550 2161 hemero-

218 2201 291 2280 logii
313 2202 494 2261 Amiternini
518 2202 555 2260 de
577 2202 725 2278 Opalibus
754 2203 793 2261 ad
811 2203 911 2277 foram
937 2202 1024 2262 factis
1047 2204 1215 2278 pertineant
1237 2203 1274 2261 ad
1301 2203 1405 2262 aedem
1429 2203 1550 2265 Saturni

219 2313 321 2362 notam
343 2311 434 2380 atque
455 2323 494 2362 ex
509 2312 594 2380 parte
616 2303 816 2381 superstitem,
839 2305 922 2363 cuius
942 2305 1061 2382 plenum
1078 2325 1186 2364 nomen
1202 2307 1278 2364 miro
1301 2324 1372 2364 casu
1388 2339 1426 2349 -
1442 2307 1549 2364 mirum

218 2405 298 2464 enim
320 2413 365 2464 tot
386 2406 508 2464 testium
539 2407 732 2482 ipsorumque
755 2415 887 2464 actorum
917 2407 1067 2465 silentium
1091 2407 1221 2483 profecto
1244 2407 1341 2466 dicere
1362 2407 1431 2468 licet
1448 2442 1485 2451 -
1501 2426 1550 2466 oc·

217 2507 361 2567 cultatem
383 2509 483 2566 fuerit.

302 2607 363 2669 Sed
384 2629 481 2686 pauca
503 2610 669 2685 praefanda
684 2621 767 2669 sunt
788 2611 893 2668 harum
922 2611 1130 2686 quaestionum
1154 2611 1286 2670 examini
1308 2611 1344 2669 de
1367 2612 1549 2670 sociatorum

216 2711 249 2770 in
271 2712 399 2789 singulis
426 2712 544 2789 templis
572 2713 726 2771 numinum
755 2713 836 2771 cultu
864 2721 953 2790 atque
976 2712 1156 2771 nominibus.
1200 2722 1302 2771 notum
1325 2723 1370 2773 est
1392 2714 1548 2788 pontifices

216 2831 344 2891 negasse
366 2815 455 2873 licere
478 2815 594 2873 Honori
618 2824 647 2872 et
667 2815 778 2873 Virtuti
801 2815 905 2874 aedem
929 2833 1019 2872 unam
1043 2814 1182 2885 dedicari,
1205 2815 1281 2889 quod
1301 2815 1442 2891 66661661
1464 2834 1549 2874 unam

219 2916 318 2976 callam
333 2917 443 2976 duobus
465 2927 537 2976 recte
551 2918 690 2988 dedicari,
712 2921 791 2993 qaia,
814 2921 841 2975 si
861 2918 896 2974 dc
917 2917 996 2975 caelo
1019 2926 1096 2976 tacta
1118 2926 1169 2975 aut
1188 2917 1306 2992 prodigi
1327 2915 1442 2992 aliquid
1463 2921 1492 2974 ia
1515 2938 1548 2977 66

210 3020 324 3094 factam
339 3030 419 3091 66661,
443 3019 568 3094 difficilis
579 3023 748 3095 procuratio
763 3021 853 3094 furat,
875 3021 954 3095 qaod
974 3021 1097 3077 atriden
1120 3038 1165 3077 res
1186 3021 1286 3076 diuina
1301 3020 1384 3095 ficret
1404 3022 1473 3077 sciri
1495 3039 1549 3078 non

212 3129 329 3197 poseat.-
349 3139 439 3196 neque
461 3125 533 3179 enirn
549 3123 656 3180 duobus
677 3125 736 3179 nist
757 3125 839 3180 certis
854 3123 915 3178 dcis
937 3124 991 3180 rite
1007 3140 1063 3179 una
1086 3121 1181 3180 hostia
1196 3124 1272 3198 ficri.
1310 3126 1351 3177 tta
1367 3121 1548 3180 6661116116-

216 3226 283 3281 tatia
305 3225 386 3282 aedis
407 3207 1032 3299 661666666616666666611.(1116.17,15).
1076 3241 1153 3298 quae
1170 3225 1262 3282 verba
1284 3223 1310 3281 si
1333 3230 1411 3280 recte
1434 3225 1548 3300 scripta

216 3324 336 3384 suntin
359 3324 523 3397 codicibus,
546 3325 698 3383 Honorem
722 3334 751 3383 et
773 3324 921 3383 Virtutem
944 3333 1148 3402 6666661666
1175 3325 1269 3383 161666
1291 3325 1368 3382 16161
1390 3324 1462 3383 deos
1485 3345 1546 3384 cer·

215 3434 278 3498 tos;
301 3428 374 3485 certi
397 3436 494 3485 66166
517 3428 542 3486 61
566 3428 624 3485 sint
647 3426 743 3485 eidem
758 3445 834 3503 quos
853 3425 949 3484 Varro
972 3427 1028 3485 hoc
1042 3428 1163 3485 nomine
1186 3427 1349 3503 insignivit,
1372 3445 1432 3484 una
1448 3427 1547 3487 hostia

215 3528 280 3586 fieri
301 3528 437 3606 potuisse
465 3529 534 3587 diis.
549 3529 627 3587 binis
649 3549 687 3586 ex
714 3547 816 3586 eorum
845 3546 968 3587 666666
991 3546 1067 3603 quos
1093 3524 1125 3585 ‘a
1146 3529 1220 3587 Iano
1243 3529 1280 3585 ad
1301 3525 1462 3586 Naeuium’
1486 3530 1547 3586 sin·

214 3630 293 3710 gulis
316 3631 473 3689 momentis
496 3632 576 3689 vitae
603 3631 752 3690 humanae
778 3631 947 3707 praefuisse
976 3639 1077 3688 notum
1100 3641 1155 3701 est,
1184 3650 1244 3689 non
1273 3632 1410 3707 potuisse
1437 3632 1545 3690 ceteris

214 3732 334 3791 selectis
356 3733 548 3809 incertisque,
571 3752 626 3791 nec
648 3733 784 3809 potuisse
813 3732 860 3789 his
890 3732 978 3791 aedes
1005 3731 1062 3790 nisi
1090 3733 1217 3810 singulis
1247 3733 1381 3811 singulas
1405 3732 1544 3791 dedicari.

212 3834 348 3894 Honoris
371 3845 401 3893 et
423 3835 552 3894 Virtutis
580 3836 753 3894 numinibus
781 3853 888 3912 genere
915 3835 1001 3910 paria
1028 3844 1097 3891 sunt
1119 3833 1241 3892 Pauoris
1263 3845 1289 3892 ct
1310 3833 1450 3903 Pallorz's,
1475 3832 1547 3909 Spei

213 3947 240 3997 61
254 3937 413 4003 Fortunae:
434 3936 626 3996 confirmatur
645 3937 748 4013 regula
761 3936 916 4011 pontificia
931 3955 967 3993 6ο
984 3936 1063 4011 quod
1085 3935 1146 3993 illis
1170 3945 1303 4011 tempore
1325 3936 1545 4010 antiquissimo,

211 4039 259 4097 his
282 4039 369 4098 tertio
392 4046 537 4115 quartove
560 4058 589 4114 p.
612 4036 645 4096 C.
669 4057 698 4095 n.
723 4037 845 4097 soeculo
867 4038 946 4095 binis
969 4037 1047 4109 bina,
1076 4056 1135 4094 non
1164 4037 1283 4113 singula
1305 4037 1417 4112 templa
1443 4037 1543 4096 aediti·

213 4154 280 4198 cata
300 4148 378 4198 6661.
423 4141 475 4199 1116
490 4150 703 4199 6666666661
718 4138 835 4211 Livius,
859 4139 931 4197 11666
950 4138 1068 4197 Notitia
1090 4140 1254 4215 regionum.
1298 4138 1357 4195 iarn
1380 4145 1544 4196 ceterarum

213 4242 331 4301 aedium
354 4260 507 4301 sacrarum
529 4253 598 4301 aute
620 4243 820 4320 principatum
837 4243 964 4318 Augusti
988 4241 1172 4299 conditarum
1196 4240 1289 4298 fastos
1312 4240 1542 4317 perlustremus:

211 4363 281 4403 rara
302 4353 374 4403 aunt
394 4344 500 4403 sociati
523 4345 648 4403 deorum
664 4345 800 4402 binorum
824 4352 1012 4402 ternornmve
1034 4343 1162 4419 singulis
1179 4343 1305 4401 aedibus
1320 4342 1418 4400 cultus
1443 4361 1543 4400 exem·

212 4446 271 4521 616.
315 4445 461 4505 demenda
483 4454 555 4505 sunt
576 4466 614 4505 ex
637 4465 761 4504 numero
784 4445 991 4522 exemplorum
1014 4445 1126 4520 templa
1147 4445 1228 4504 loris
1251 4444 1374 4502 lunonis
1390 4443 1543 4502 Minervae

213 4544 426 4624 Capitolinum,
455 4547 574 4608 Cereris
602 4548 706 4608 Liberi
728 4546 916 4623 Liberaeque
942 4546 979 4604 ad
1005 4547 1116 4606 circum
1142 4546 1320 4605 maximum:
1348 4545 1435 4604 huius
1464 4546 1543 4604 enim

213 4646 430 4710 Graecanicam
452 4651 599 4729 originem
622 4669 682 4708 non
706 4651 851 4725 estquod
875 4650 1046 4722 edisseram,
1071 4649 1106 4706 de
1128 4648 1207 4707 illius
1230 4647 1334 4707 triadis
1357 4647 1472 4726 origine
1495 4648 1542 4706 vel

211 4750 320 4811 Italica
342 4751 388 4809 vel
411 4750 597 4811 Graecanica
623 4753 679 4811 etsi
708 4770 767 4811 non
794 4751 932 4810 convenit
958 4753 1035 4810 inter
1061 4751 1198 4809 homines
1221 4751 1326 4808 doctos
1343 4781 1381 4792 -
1396 4769 1444 4808 me
1466 4749 1541 4808 scito

210 4853 248 4912 de
270 4851 457 4914 Graecanica
480 4873 538 4912 non
562 4855 698 4913 dubitare
714 4890 751 4900 —
769 4864 868 4913 tamen
894 4853 1036 4911 cellarum
1064 4853 1173 4911 divisio
1199 4864 1270 4911 6616
1292 4852 1366 4909 16616
1389 4852 1541 4928 pontifica-

208 4954 247 5013 lis
279 4972 414 5013 normam
449 4974 541 5034 supra
573 4957 743 5034 expositam
776 4957 941 5014 confirmat.
986 4963 1084 5014 cetera
1111 4955 1251 5032 exempla
1277 4953 1413 5011 binorum
1446 4952 1541 5010 numi·

208 5075 280 5116 num
303 5057 432 5135 singulis
454 5058 578 5117 aedibus
593 5059 743 5118 cultorum
766 5067 818 5117 aut
833 5076 904 5115 vera
932 5065 983 5116 aut
1004 5076 1081 5134 quae
1096 5057 1252 5115 videantur
1275 5073 1343 5114 esse
1366 5055 1439 5113 haec
1462 5064 1539 5112 6661.
