3510 5812
510 477 671 532 succosa
698 477 985 529 mscnreuronvn
1007 477 1097 528 ¹nom
1122 476 1279 528 nonsnr.
1485 457 1557 527 257

231 656 244 710 l
291 651 320 712 A
343 653 433 712 Porta
454 652 486 712 S.
510 652 590 712 Patri
611 653 652 709 ad
673 651 704 710 S.
728 651 850 710 Luciam
870 655 901 708 in
925 650 1041 727 Orpbou
1063 650 1176 727 (ortissu
1198 649 1281 725 cod.)

464 754 610 830 (sinistra)
645 754 647 758 '
685 780 689 786 ·
1189 751 1317 828 (deutra)

228 860 246 917 5
262 862 362 935 sorum
386 857 508 915 Troiani
531 867 556 914 at
578 858 710 914 columna
732 859 792 914 eius
943 855 976 915 S.
1000 854 1097 931 serpis
1118 856 1167 914 ubi
1187 854 1348 914 umbilicum
1369 855 1476 913 Romae

228 962 246 1019 a
273 959 383 1018 Tiberis
629 976 715 1017 orcus
939 956 1041 1016 Secari

227 1062 244 1118 7
269 1061 301 1120 S.
323 1060 476 1118 Hadriani
935 1059 1065 1117 conallus
1092 1057 1272 1119 Constantini

228 1165 245 1222 8
270 1162 301 1222 S.
324 1163 440 1240 Cyriaci
612 1165 714 1238 summ
934 1178 1081 1218 romonum

464 1283 489 1322 e.
513 1283 542 1340 q.
565 1282 590 1322 s.

225 1368 276 1426 ubi
299 1378 422 1445 apparet
444 1365 529 1442 (mihi
553 1375 631 1424 uerte
648 1385 707 1424 non
730 1365 850 1424 dubium
867 1365 926 1440 est)
944 1365 1074 1424 Tiberim
1098 1384 1117 1421 a
1139 1363 1261 1423 sinistra
1282 1364 1311 1422 in
1335 1364 1471 1424 dextram
1487 1385 1553 1442 par-

226 1479 284 1527 tem
307 1467 502 1528 traiciendum
525 1485 602 1539 esse,
625 1468 743 1544 reliqua
757 1486 833 1543 quae
853 1478 924 1545 post
946 1467 1006 1526 v.8
1030 1475 1172 1526 secuntur
1192 1467 1295 1525 multis
1318 1467 1553 1526 dubitationibus

225 1571 356 1630 obnoxia
378 1581 456 1628 suut.
501 1570 552 1628 aed
576 1580 733 1645 utcumque
757 1569 793 1627 de
821 1570 868 1627 his
896 1571 983 1628 rebus
1006 1569 1196 1642 iudicabitur,
1217 1569 1325 1626 iterum
1348 1569 1483 1628 videmus
1505 1589 1552 1628 ca·

225 1673 338 1730 vallum
366 1670 558 1730 Constantini
584 1672 645 1728 fere
672 1673 701 1729 in
730 1691 830 1730 aream
862 1671 919 1729 fori
948 1681 1015 1730 ante
1044 1669 1075 1730 S.
1103 1670 1289 1730 Hadrianum
1317 1670 1432 1730 detrudi
1461 1685 1490 1731 et
1516 1674 1553 1732 ab

223 1793 293 1832 arcu
315 1771 419 1833 Severi
445 1775 600 1832 removeri.
645 1782 697 1831 aut
721 1773 814 1850 igitur
840 1791 935 1849 equus
962 1773 992 1830 in
1022 1773 1121 1831 media
1142 1793 1213 1831 area
1235 1774 1291 1832 fori
1313 1784 1367 1832 aut
1388 1775 1454 1834 viae
1476 1795 1553 1852 quae

223 1877 318 1934 tendit
338 1895 357 1932 a
378 1876 489 1953 templo
511 1874 676 1934 Faustinae
695 1875 733 1932 ad
753 1893 855 1933 arcum
874 1873 976 1935 Seueri
999 1875 1124 1952 margini
1147 1877 1372 1951 septentrionali
1395 1878 1552 1954 appositus

223 1978 312 2037 luerit
327 1984 453 2055 oportet.
491 1977 565 2035 illud
580 1978 604 2036 si
622 1996 722 2034 verum
738 1987 794 2046 est,
815 1977 950 2053 sequitur
964 1987 996 2035 ut
1010 1977 1063 2035 illa
1077 1978 1170 2048 basis,
1189 1996 1278 2053 quam
1298 1979 1415 2037 solam
1435 1981 1466 2037 in
1482 1998 1552 2037 area

223 2088 253 2138 et
275 2099 353 2138 nunc
374 2089 478 2137 extare
501 2091 530 2138 et
553 2080 658 2137 ultima
679 2080 795 2156 imperii
825 2080 940 2136 romani
967 2088 1061 2137 aetate
1086 2081 1223 2139 extitisse
1250 2099 1343 2157 supra
1366 2080 1438 2152 dixi,
1461 2099 1550 2158 quae·

223 2201 280 2259 qne
307 2189 429 2259 putatur
457 2200 524 2240 esse
548 2181 715 2239 Domitiani
742 2190 858 2240 statuae
887 2182 1051 2257 equestris,
1080 2182 1119 2239 sit
1145 2183 1226 2242 basis
1254 2183 1321 2259 equi
1344 2181 1550 2256 Constantini3

223 2285 269 2344 sin
293 2285 418 2343 alterum
441 2284 515 2343 illud
539 2285 688 2354 statueris,
711 2285 763 2342 rix
781 2283 931 2342 dubitabis
954 2283 1025 2359 quin
1047 2284 1130 2342 basis
1146 2283 1337 2344 Constantini
1359 2287 1448 2345 etiarn
1471 2305 1550 2345 nunc

221 2388 275 2446 sub
298 2397 378 2446 terra
397 2386 498 2444 lateat.
542 2386 625 2463 atqui
648 2386 719 2443 alibi
735 2386 836 2444 monui
858 2396 906 2444 sat
927 2387 1034 2444 mirum
1055 2387 1148 2445 videri
1171 2388 1251 2463 quod
1266 2386 1432 2447 Domitiani
1453 2406 1548 2466 equus

219 2489 384 2566 praeclaris
408 2485 497 2548 Statii
520 2487 699 2546 carminibus
724 2488 803 2563 (silv.
824 2489 900 2564 1,1)
923 2489 1009 2563 quasi
1031 2496 1100 2547 ante
1121 2490 1226 2547 oculos
1249 2490 1408 2567 legentium
1432 2490 1549 2565 positus

219 2600 288 2668 post
319 2599 425 2668 poetae
458 2599 582 2647 aetatem
616 2609 634 2646 a
668 2590 785 2647 nemine
818 2589 880 2646 ullo
913 2591 1059 2666 scriptore
1092 2599 1353 2662 commemoratum
1390 2591 1479 2667 idque
1512 2611 1548 2649 ec

219 2697 317 2772 magis
345 2691 451 2751 mirum
478 2692 590 2750 dixeris
619 2692 700 2768 quod
727 2701 829 2769 utpote
860 2692 889 2748 in
916 2691 1014 2749 medio
1045 2691 1111 2750 foro
1138 2695 1224 2768 quasi
1251 2694 1327 2752 alter
1359 2694 1424 2751 eius
1454 2692 1547 2751 umbi-

218 2796 296 2854 licus
317 2794 492 2853 conlocatus
509 2813 567 2852 non
591 2796 688 2870 potuit
703 2814 761 2852 non
784 2794 917 2851 omnium
932 2794 1036 2852 oculos
1059 2795 1235 2871 animosque
1257 2796 1288 2854 in
1311 2812 1344 2854 se
1366 2801 1547 2854 convertere.

218 2898 290 2975 quid
313 2899 404 2973 igitur
426 2897 543 2972 sipost
565 2906 690 2954 mortem
718 2897 781 2954 eius
809 2905 929 2954 senatus
953 2914 1012 2953 non
1040 2897 1135 2954 solnm
1156 2897 1187 2954 in
1209 2896 1293 2956 curia
1313 2897 1459 2976 imagines
1483 2898 1546 2956 eins

217 3000 419 3058 detrahendas
442 2999 566 3069 censuit,
589 3019 690 3057 verum
714 2998 803 3057 etiam
820 3006 988 3074 equestrem
1005 2998 1070 3057 eius
1094 3008 1223 3058 statuam
1239 2991 1441 3058 deiciendam?
1465 3018 1547 3059 acce·

218 3102 263 3158 dit
284 3101 363 3176 quod
385 3101 416 3157 in
439 3101 616 3178 anaglyphis
639 3102 746 3177 quibus
770 3101 894 3159 Traiani
921 3102 1110 3178 imperatoris
1138 3103 1213 3160 bene
1239 3102 1319 3160 facta
1347 3101 1545 3172 celebrantur,

216 3204 248 3263 in
270 3202 367 3262 media
394 3202 451 3259 fori
474 3221 545 3260 area
566 3202 648 3261 basis
671 3202 776 3281 ingens
804 3203 834 3260 in
856 3221 950 3278 eaque
977 3201 1083 3261 sedens
1111 3204 1281 3280 imperator,
1310 3204 1434 3262 adstans
1456 3203 1546 3261 Italia

216 3316 302 3382 grata
324 3313 507 3380 comparent.
551 3304 718 3379 significavi
740 3304 810 3361 alibi
839 3303 1082 3378 (Jahresbericht
1106 3304 1185 3363 1875
1206 3324 1235 3381 p.
1252 3304 1386 3382 tsssq.)
1409 3305 1481 3363 mihi
1504 3305 1545 3362 vi·

218 3407 279 3465 deri
302 3407 359 3464 hoc
382 3405 507 3463 artificia
530 3405 653 3463 indicari
676 3415 776 3463 votum
800 3425 836 3463 eo
864 3416 995 3483 ternpore
1018 3416 1241 3465 monumentum
1267 3406 1389 3481 aliquod
1411 3406 1491 3483 quod
1514 3408 1544 3465 in

215 3508 313 3568 medio
342 3509 408 3565 foro
432 3507 539 3565 ltaliae
562 3507 771 3584 gratitudinem
797 3509 1012 3567 testificaretur.
1057 3509 1118 3567 scio
1141 3509 1217 3567 hanc
1239 3508 1439 3567 coniecturam
1463 3510 1544 3568 testi·

216 3610 383 3669 moniorum
406 3609 463 3668 fide
485 3609 656 3668 destitutam
672 3627 755 3668 esse:
779 3610 873 3668 nihilo
894 3619 993 3669 tamen
1016 3611 1108 3670 setius
1129 3610 1158 3669 in
1182 3630 1218 3668 ea
1239 3610 1401 3687 imaginum
1423 3610 1543 3670 illarum

215 3713 405 3771 accuratione
428 3730 517 3790 aegre
539 3713 685 3788 equestris
709 3721 825 3771 statuae
849 3713 878 3768 in
895 3712 992 3769 medic
1014 3714 1079 3770 foro
1103 3713 1220 3787 positae
1243 3713 1402 3790 vestigium
1425 3712 1541 3772 deside-

214 3815 339 3872 raveris.
383 3814 457 3872 satis
480 3814 575 3870 habeo
604 3814 792 3891 significasse
814 3822 844 3871 et
871 3813 977 3871 debere
1000 3821 1029 3869 et
1050 3831 1139 3887 posse
1162 3814 1265 3889 quaeri
1287 3831 1407 3872 causam
1431 3815 1541 3872 silentii

214 3935 273 3992 qno
297 3914 462 3973 Domitiani
489 3932 584 3991 equus
610 3914 678 3973 inde
706 3913 834 3974 aStatii
862 3922 959 3973 aetate
986 3931 1108 3990 pressus
1136 3915 1165 3971 in
1196 3914 1304 3973 litteris
1327 3914 1459 3991 antiquis
1482 3932 1541 3974 non

213 4017 388 4093 comparuit.

296 4122 340 4176 At
360 4119 456 4195 ipsius
480 4126 596 4177 statuae
617 4120 694 4178 tituli
717 4119 915 4196 fragmentum
934 4119 1012 4177 haud
1034 4119 1140 4196 procul
1163 4117 1200 4176 ab
1222 4118 1281 4177 ista
1302 4118 1369 4176 basi
1391 4125 1539 4195 repertum

213 4239 280 4279 esse
302 4240 398 4297 nuper
420 4218 580 4279 Hennenus
601 4212 702 4280 Rosae
724 4221 851 4297 aliisque
873 4222 1022 4295 persuasit.
1044 4219 1085 4295 (v.
1103 4242 1129 4279 n.
1150 4220 1232 4297 166).
1276 4221 1481 4296 quaestionem
1504 4223 1541 4279 de

213 4322 382 4398 supplendo
404 4324 572 4400 fragmento
595 4341 652 4382 non
675 4324 781 4382 iterum
804 4323 1020 4383 retractandam
1042 4341 1156 4383 sumam
1179 4321 1222 4397 (v.
1238 4341 1315 4399 quae
1337 4323 1400 4380 dixi
1416 4323 1541 4381 Jahres·

212 4424 327 4482 bericht
357 4423 451 4495 1875,
481 4424 541 4482 770
553 4424 644 4500 sqq).
688 4433 719 4483 at
747 4425 838 4484 miror
866 4426 946 4501 qnod
975 4426 1103 4484 editores
1133 4423 1204 4484 CIL
1236 4426 1267 4482 in
1296 4424 1451 4483 Addendis
1479 4444 1539 4482 non

211 4525 377 4584 Domitiani
405 4527 457 4584 sed
481 4527 610 4603 Augusti
637 4546 744 4585 nomen
771 4527 987 4586 restituendum
1016 4529 1072 4585 rati
1096 4546 1201 4603 parum
1224 4535 1429 4602 exaequarunt
1450 4527 1537 4585 trium

211 4627 426 4686 versiculorum
455 4628 586 4705 priorum
616 4629 714 4705 spatia
743 4631 841 4706 spatio
864 4630 970 4700 ultimi,
999 4630 1034 4688 de
1062 4647 1121 4705 qno
1147 4627 1314 4705 supplendo
1336 4626 1465 4685 dubitari
1488 4648 1538 4686 ne-

210 4729 283 4805 quit.
328 4747 417 4804 quarn
445 4746 506 4786 rem
530 4728 701 4803 Hennaeus,
731 4749 797 4789 cum
820 4711 948 4806 primum
971 4752 1006 4790 es
1032 4732 1068 4790 de
1091 4751 1122 4788 re
1148 4730 1218 4806 egit,
1247 4729 1340 4806 probe
1362 4729 1538 4789 aestimave-

208 4839 264 4889 rat.
309 4832 411 4906 itaqua
432 4830 505 4890 satis
527 4831 622 4889 habeo
644 4831 847 4907 inscriptionis
868 4833 1065 4911 fragmentum
1092 4851 1157 4891 cum
1181 4832 1389 4911 supplemento
1412 4841 1536 4908 utroque

211 4933 331 4992 lectoris
353 4932 448 4991 oculis
471 4934 577 4992 iterum
599 4934 742 4993 subicere.
