3510 5812
208 482 281 552 208
802 500 945 551 nassau

207 675 384 735 sacerdotiis
406 675 449 733 eis
472 674 600 732 obtinuit
621 675 652 731 in
667 691 745 749 quae
767 682 797 730 et
811 673 929 748 patricii
951 682 981 731 ct
1002 671 1111 748 plebeii
1134 672 1360 749 coeptabantur,
1388 683 1423 731 ut
1445 674 1476 733 in
1497 672 1541 731 lo·

206 797 272 836 cum
295 777 413 853 patricii
435 777 581 834 demortui
602 794 689 834 nemo
711 777 768 832 nisi
791 776 946 851 patriciae,
975 776 1007 833 in
1033 774 1132 834 locum
1155 776 1265 853 plebeii
1287 795 1375 835 nemo
1395 776 1457 835 nisi
1478 774 1543 851 ple·

207 880 292 937 baius
315 886 515 955 cooptaretur,
545 879 640 937 altera
661 885 747 954 parte
768 876 929 935 sacerdotii
952 877 1086 954 patriciis
1109 877 1206 936 altera
1226 877 1354 955 plebeiis
1376 878 1541 954 serrata¹)‚

207 982 326 1040 sodales
350 980 531 1058 Augustales
554 989 723 1050 servarunt3
752 980 783 1037 in
810 998 876 1037 eam
899 979 978 1037 euim
1001 978 1151 1038 decuriam
1173 996 1251 1055 quae
1273 979 1406 1040 Neronis
1428 977 1541 1040 Caesa·

207 1084 249 1142 ris
272 1084 387 1161 patricii
409 1084 540 1141 hominis
556 1100 650 1142 causa
665 1083 826 1141 constituta
848 1091 894 1139 est
914 1081 1063 1156 pervices
1086 1090 1252 1159 temporum
1274 1085 1423 1143 successit
1436 1102 1464 1143 a.
1481 1082 1542 1142 23⁰

209 1184 246 1259 Q.
270 1186 429 1245 Petronius
451 1185 568 1277 Melior,
591 1204 679 1261 quem
702 1184 848 1259 plebeium
875 1183 968 1242 fuisse
990 1203 1057 1242 cum
1086 1184 1267 1244 tribunatum
1292 1185 1391 1262 plebis
1413 1186 1544 1264 gesserit

207 1288 313 1347 titulus
338 1288 595 1346 Wilmannsianus
621 1284 736 1362 12132)
759 1286 854 1345 docet.

293 1392 344 1449 lus
366 1408 462 1448 novos
486 1388 656 1448 sacerdotes
677 1389 709 1446 in
730 1388 827 1447 locum
850 1387 1074 1446 demortuorum
1097 1398 1128 1447 et
1149 1389 1391 1466 damnatoruml)
1422 1391 1543 1450 creandi

210 1511 302 1570 penes
324 1511 413 1568 quem
434 1492 533 1561 suerit,
560 1499 641 1549 certo
667 1509 728 1548 non
753 1500 886 1559 constat;
915 1490 1039 1549 eundem
1068 1499 1167 1549 autem
1192 1491 1287 1551 fuisse
1312 1511 1427 1551 morem
1454 1504 1546 1569 atque

210 1615 276 1653 eum
304 1595 355 1671 qui
383 1595 414 1653 in
440 1602 582 1668 quattuor
606 1593 800 1668 amplissimis
829 1612 904 1669 (quae
928 1592 1111 1651 vocabantur
1137 1594 1326 1668 sacerdotiis,
1352 1594 1545 1672 pontificibus

210 1697 370 1774 auguribus
387 1696 628 1771 quindecimviris
651 1696 746 1754 sacris
766 1695 914 1753 faciundis
930 1696 1119 1771 septemviris
1135 1697 1307 1772 epulonum,
1328 1698 1544 1773 imperatorum

210 1807 307 1858 aetate
330 1808 468 1874 receptus
490 1799 556 1869 fuit,
579 1805 611 1856 ut
633 1797 804 1857 sacerdotes
820 1805 935 1855 crearet
957 1807 1080 1857 senatus
1100 1799 1214 1856 ratione
1229 1799 1333 1859 habita
1347 1816 1452 1857 eorum
1466 1816 1543 1876 qnos

211 1900 325 1961 Caesar
352 1901 604 1972 commendasset,
632 1901 688 1957 hac
715 1899 905 1975 potissimum
935 1920 973 1958 ex
1001 1919 1092 1959 causa
1117 1903 1180 1960 veri
1206 1901 1303 1961 simile
1328 1903 1377 1973 fit,
1404 1902 1489 1977 quod
1514 1902 1545 1961 in

210 2004 297 2063 lastis
319 2022 411 2079 supra
425 2003 663 2061 commemoratis
686 2002 892 2079 cooptationes
915 2021 1006 2078 supra
1020 2022 1175 2061 numerum
1198 2022 1238 2062 ex
1261 2003 1544 2064 senatusconsulto

210 2108 297 2178 fiunt;
325 2126 422 2183 neque
450 2106 606 2182 probabile
632 2116 679 2163 est
706 2115 844 2163 senatum
870 2105 905 2162 de
933 2104 1088 2163 sodalibus
1113 2113 1202 2164 extra
1227 2125 1383 2166 numerum
1406 2105 1544 2166 creandis

211 2210 369 2286 quicquam
397 2208 563 2267 decrevisse
589 2207 615 2266 si
643 2225 721 2283 quae
747 2226 787 2266 ex
813 2207 917 2265 ordine
950 2208 1062 2267 fiebant
1088 2208 1280 2268 suffectiones
1309 2208 1386 2268 nihil
1410 2208 1451 2269 sd
1477 2227 1545 2269 enm

210 2310 443 2389 pertinebant4).
1022 2372 1026 2379 ,

296 2413 421 2475 Summa
442 2413 538 2471 luisse
557 2413 702 2488 dignitate
725 2413 845 2471 sodales
861 2413 1045 2488 Augustales
1068 2424 1098 2472 ct
1118 2432 1157 2471 ex
1179 2414 1222 2473 eis
1246 2433 1322 2490 quae
1344 2431 1438 2489 supra
1458 2414 1544 2473 attuli

213 2525 338 2595 apparet
364 2530 393 2574 et
419 2535 458 2574 ex
483 2534 518 2574 eo
545 2514 625 2590 quod
656 2534 716 2573 una
743 2535 811 2574 cum
838 2522 980 2591 quattuor
1007 2534 1083 2591 quae
1116 2515 1256 2575 sollemni
1282 2516 1401 2577 dicendi
1428 2517 1545 2575 ratione

212 2619 401 2697 amplissima
421 2619 606 2677 vocabantur
631 2617 767 2693 ‘collegiis
790 2636 914 2676 munera
935 2617 1081 2693 quaedam
1103 2636 1156 2676 eos
1180 2617 1311 2678 edidisse
1333 2618 1495 2696 Tacitum)
1516 2628 1546 2677 et

213 2720 306 2796 Diol)
330 2731 465 2792 narrant3
495 2719 547 2778 scd
574 2738 634 2778 non
660 2720 703 2777 ita
724 2737 791 2777 esse
819 2730 964 2795 aequatos
987 2729 1130 2793 quattuor
1150 2720 1211 2779 illis
1235 2720 1411 2779 sacerdotiis
1431 2728 1467 2779 ut
1487 2720 1546 2777 iam

212 2824 325 2882 nullum
348 2823 509 2881 discrimen
530 2822 689 2879 interesset
712 2839 806 2896 neque
828 2840 868 2879 ex
882 2829 1025 2897 quattuor
1047 2823 1243 2898 amplissimis
1266 2822 1444 2882 sacerdotiis
1460 2822 1546 2899 quin·

213 2945 272 3002 que
294 2942 359 2983 esse
381 2925 469 2993 iacta,
492 2924 548 2982 hac
570 2941 609 2979 ex
629 2941 662 2979 re
684 2923 879 2981 demonstrari
903 2941 992 2999 posse
1015 2935 1101 3000 puto:
1130 2944 1197 2982 cum
1224 2933 1269 2982 tot
1294 2924 1448 3001 supersint
1469 2923 1547 2983 tituli

213 3028 320 3103 quibus
342 3026 496 3083 bominum
519 3025 571 3101 qui
593 3025 728 3082 florentis
751 3024 867 3102 imperii
890 3033 1021 3102 tempore
1045 3027 1183 3086 vixerunt
1203 3027 1333 3086 honores
1354 3033 1384 3084 et
1406 3024 1547 3085 sacerdo·

214 3130 256 3187 tia
282 3135 500 3198 enumerentur,
528 3144 676 3202 nusquam
701 3126 780 3185 idem
804 3127 893 3185 homo
916 3126 1032 3187 duobus
1059 3148 1097 3186 ex
1124 3129 1186 3188 illis
1208 3136 1349 3205 quattuor
1369 3128 1546 3188 sacerdotiis

212 3231 367 3309 praeditus
399 3246 466 3289 esse
498 3229 649 3288 invenitur
657 3228 682 3305 ⁷)
689 3250 697 3301 ;
732 3228 846 3289 scilicet
878 3247 969 3306 supra
999 3232 1147 3307 privatum
1180 3231 1289 3291 extolli
1318 3231 1477 3291 videbatur
1507 3229 1547 3288 ad

213 3416 399 3507 imperatorum
422 3450 505 3494 aetate
529 3460 629 3510 semper
652 3444 767 3508 plebeios
792 3445 910 3496 homines
932 3446 1012 3496 fuisse
1038 3447 1224 3497 demonstravit
1247 3447 1425 3498 blommscuus
1445 3442 1546 3497 Stacta-

214 3533 285 3585 reete
305 3538 329 3596 1,
345 3535 397 3584 457
416 3535 458 3585 ed.
480 3538 494 3585 l
516 3536 561 3598 (=
578 3539 602 3598 1,
617 3537 670 3587 537
691 3537 731 3585 ed.
753 3536 788 3598 2).
810 3539 833 3597 2,
849 3538 912 3588 452.

292 3626 316 3689 ¹)
354 3629 500 3678 Mommsen
521 3627 590 3678 lirim.
610 3626 792 3695 Forsclmaqea
813 3633 835 3689 1,
851 3631 895 3680 85.

291 3717 316 3781 ²)
355 3720 396 3771 ct.
416 3721 484 3771 infra
503 3721 605 3772 sodales
624 3721 780 3786 Augustales
800 3721 948 3772 Claudialcs
966 3738 992 3772 n.
1005 3724 1030 3773 4.

292 3809 317 3874 ³)
355 3814 387 3863 In
412 3813 592 3863 damnatorum
616 3828 717 3878 quoquc
742 3815 828 3865 locum
853 3814 1016 3865 suffectioues
1040 3816 1120 3865 laetas
1145 3830 1200 3865 esse
1226 3830 1258 3866 ea
1280 3830 1312 3867 ex
1337 3818 1551 3882 recognoscitur
1603 3806 1606 3811 ¹

216 3906 285 3970 quod
305 3905 458 3955 l’lutarebus
478 3922 502 3970 q.
516 3904 591 3956 Rom.
606 3907 640 3956 99
661 3916 687 3955 et
705 3907 805 3957 Plinius
825 3922 865 3972 ep.
881 3909 907 3970 4,
923 3910 948 3970 8,
966 3910 978 3956 l
999 3909 1082 3958 sulum
1102 3915 1253 3972 stigmatum
1272 3922 1326 3959 non
1344 3908 1448 3959 licuisse
1466 3909 1550 3960 adimi

215 3997 311 4047 virenti
330 4007 444 4048 sarram.
484 3997 525 4048 cf.
538 3997 607 4048 Plin.
622 4014 661 4063 ep.
677 4000 702 4061 2,
719 4001 762 4061 11,
779 4002 825 4050 12ι
845 3999 917 4050 raudo
936 4000 1086 4062 consularis,
1107 3999 1179 4051 modo
1193 4000 1325 4067 septemvir
1337 3999 1478 4068 epulonum,
1497 4002 1551 4052 ι’ωιι

214 4096 334 4140 neutrum.

292 4178 319 4245 ⁴)
358 4181 398 4231 ct
418 4182 564 4232 Mommsen
584 4180 743 4233 Stuatsrecltt
762 4184 872 4246 21022
892 4200 917 4235 n.
934 4186 957 4233 1.

293 4270 317 4334 ⁵)
356 4275 426 4323 Anu.
442 4276 467 4335 3,
483 4274 531 4323 64:
551 4275 678 4340 supplicia
697 4274 738 4324 dis
757 4274 858 4341 ludique
875 4276 963 4342 strepui
981 4274 1013 4325 ab
1032 4264 1119 4326 seriata
1138 4278 1311 4341 decernuntur,
1336 4292 1399 4344 quos
1413 4278 1553 4346 portb'fices

216 4372 240 4415 et
259 4380 368 4431 sumeres
386 4373 409 4415 ct
428 4364 619 4431 qairrdecirncs'ri
637 4368 793 4434 septemviris
811 4368 886 4417 sr'ranl
903 4375 927 4417 et
945 4366 1280 4436 sodalibus·Au9astalidas
1298 4368 1405 4421 ederent.

293 4455 319 4521 ⁶)
358 4458 402 4519 58,
418 4460 466 4508 12:
488 4452 639 4525 ἓψηψίσαντο
655 4492 661 4505 .
679 4492 685 4506 .
702 4493 708 4505 .
725 4447 789 4522 ,τὴν
807 4451 900 4527 {piper
920 4456 944 4508 iv
962 4448 1138 4531 ᾖέτιλιιῖτησι
1159 4463 1288 4526 (Seianus)
1309 4460 1351 4512 scal
1370 4454 1449 4512 isaar
1468 4458 1552 4530 ἀγῦσι

216 4544 258 4598 καὶ
277 4544 374 4616 θηρίων
387 4553 497 4617 σφαγαῖς
511 4545 621 4613 ἐτησίοις
634 4540 677 4600 διαί
688 4568 715 4600 τι
733 4551 780 4602 riis
799 4549 823 4609 tr
835 4541 881 4610 scic
892 4548 1019 4621 τέσσαρας
1034 4543 1166 4621 ἱερωσύνας
1183 4544 1372 4605 subcinericei
1386 4542 1430 4603 deri
1441 4552 1489 4604 scir
1502 4551 1550 4605 sori

217 4630 364 4708 Αὐγούστου
377 4641 510 4692 &tacenda
524 4631 699 4711 ἀγάλλεσθαι.

294 4730 320 4795 ⁷)
357 4735 467 4785 Liberae
486 4737 654 4801 reipublicae
674 4737 831 4802 temporibus
845 4738 953 4788 duorum
967 4740 1185 4804 amplissimomm
1203 4741 1406 4791 sacerdotiorum
1424 4741 1552 4792 ooniune·

219 4834 302 4874 torum
322 4826 421 4890 aliquot
439 4829 559 4894 exempla
581 4830 692 4880 inveniri
710 4830 797 4880 docuit
817 4829 847 4880 0.
865 4830 949 4881 Bardt
967 4829 1008 4880 ‹lie
1026 4830 1140 4882 Pricster
1159 4831 1204 4883 der
1222 4834 1277 4883 sier
1295 4846 1400 4900 pressea
1420 4828 1554 4899 Colleys'en

218 4935 244 4982 p.
258 4917 302 4966 38.
340 4918 413 4968 Inter
436 4920 567 4971 interioris
592 4923 682 4972 aetatis
706 4922 793 4972 titulos
818 4923 863 4987 qui
886 4923 938 4973 duo
958 4938 991 4972 ex
1010 4925 1062 4975 illis
1081 4925 1231 4976 sacerdotiis
1250 4926 1388 4976 coniuncta
1405 4925 1554 4991 praebeant

218 5011 404 5060 vetustissimus
428 5024 484 5061 csse
502 5012 603 5063 videtur
625 5014 713 5065 titulus
732 5015 852 5079 Aquinas
872 5015 902 5066 C.
922 5014 1022 5067 Octavii
1043 5018 1143 5080 Sabini,
1168 5017 1280 5068 consulis
1299 5016 1424 5068 ordinarii
1444 5032 1470 5068 a.
1484 5018 1552 5079 214,

219 5104 348 5167 pontilicis
367 5109 393 5153 ct
411 5104 515 5168 auguris
534 5104 603 5168 (eph.
622 5120 663 5170 ep.
685 5109 708 5168 1,
729 5106 850 5173 p.130);
876 5123 927 5173 quo
952 5108 980 5157 in
1000 5109 1074 5159 titulo
1094 5111 1171 5160 ctiam
1190 5110 1239 5160 hoc
1258 5125 1274 5160 a
1293 5110 1413 5161 sollemni
1430 5110 1490 5175 loge
1509 5123 1552 5160 re·

219 5195 310 5245 cedere
337 5195 407 5261 quod
433 5197 579 5247 sacerdotia
607 5197 658 5248 duo
686 5200 780 5265 copula
800 5208 825 5251 st
850 5201 1037 5266 coniungantur
1065 5190 1417 5268 (ΡοΝτιΡ·Ετ·Ανῦνιι)
1446 5202 1553 5255 monuit

218 5287 395 5340 Mommsenus
414 5287 473 5354 eph.
489 5303 529 5355 ep.
547 5288 565 5339 1.
584 5289 602 5339 1.
