3510 5812
288 681 330 739 Ut
351 682 439 759 plena
456 684 587 740 omnium
612 682 728 757 sylloge
749 692 871 758 paretur
889 685 1063 759 priusquam
1088 683 1125 740 ad
1141 684 1347 759 quaestionem
1361 685 1536 742 universam

206 783 301 840 denno
326 785 509 842 tractandam
532 785 710 861 procedatur
731 803 803 842 sane
826 785 989 860 optandum
1012 795 1067 843 est.
1108 786 1226 842 luterca
1248 786 1362 843 iuvabit
1383 787 1431 843 hic
1454 805 1537 844 com-

205 905 371 943 memorare
394 896 616 944 monumentum
640 888 703 944 eius
725 888 834 946 elassis
859 907 958 959 unum,
986 905 1045 962 quo
1073 887 1298 945 memorabilius
1325 888 1439 946 nullum
1462 889 1538 945 haec

205 997 340 1062 tempora
362 990 501 1047 tulerunt.

288 1089 371 1157 Tria,
395 1099 425 1147 ut
449 1091 519 1148 olim
543 1093 680 1166 exposui,
703 1092 762 1149 iarn
786 1099 857 1147 nota
879 1099 964 1148 erant
985 1091 1124 1166 exempla
1146 1101 1327 1149 tesserarum
1350 1091 1388 1149 ab
1409 1091 1536 1168 reliquis

205 1193 365 1266 sexaginta
387 1192 454 1268 plns
477 1194 575 1250 urinas
598 1193 718 1250 diversa
740 1212 785 1265 eo,
808 1193 886 1268 quod
909 1192 1028 1250 titulum
1050 1193 1139 1269 plene
1161 1194 1360 1269 perscriptum
1381 1193 1537 1265 exhibent,

205 1312 293 1367 quem
316 1293 385 1350 illac
414 1294 597 1370 compendiis
625 1304 739 1351 tarnum
768 1295 912 1370 scriptum
934 1296 1052 1353 habent.
1096 1296 1144 1353 Ab
1166 1295 1224 1365 his,
1251 1313 1327 1370 quae
1352 1296 1539 1372 perscriptae

206 1402 284 1465 snut,
312 1395 490 1468 repetendos
517 1412 584 1452 esse
616 1396 871 1472 interpretationis
903 1406 1028 1455 conatus
1055 1414 1159 1456 omnes
1185 1396 1376 1455 manifestum
1402 1406 1457 1455 est.
1502 1397 1539 1454 In

205 1496 267 1554 illis
282 1496 360 1552 onim
378 1497 414 1553 ad
431 1497 606 1571 gladiatoris
630 1516 736 1555 nomen
760 1499 837 1556 solet
852 1498 920 1556 addi
944 1500 1120 1557 vocabulum
1141 1499 1285 1575 scriptum
1301 1518 1335 1574 ap
1350 1499 1540 1575 saepissime,

207 1599 303 1655 rarius
325 1616 374 1672 ape
403 1607 453 1655 ant
475 1609 564 1673 spect,
594 1600 686 1656 semel
709 1597 747 1672 (si
771 1599 844 1658 fides
865 1600 1003 1659 habenda
1023 1601 1173 1678 exemplo,
1197 1609 1229 1658 ut
1250 1600 1376 1672 videtur,
1399 1610 1540 1659 accurate

207 1698 346 1776 excepto)
359 1710 475 1775 spectat,
492 1700 570 1775 quod
583 1712 651 1776 post
662 1701 738 1759 alios
751 1701 935 1760 Ritsclrelius
951 1703 1138 1779 potissimum
1150 1720 1208 1761 nos
1224 1702 1311 1760 iussit
1321 1702 1358 1759 de
1369 1702 1540 1780 gladiatore

589 1812 713 1877 spectato
736 1807 808 1862 cutia
831 1815 857 1862 et
877 1807 982 1862 donato
1005 1808 1063 1862 iam
1085 1806 1155 1861 rude

207 1923 272 1961 eum
295 1904 421 1961 Horatio
444 1905 586 1980 accipere.
631 1902 744 1963 Contra
765 1907 796 1963 in
819 1908 901 1966 hisce
923 1910 1061 1982 spectavit
1083 1906 1282 1984 perscriptum
1305 1916 1364 1964 est:

293 2092 318 2147 l.
756 2108 984 2152 Diocles

785 2210 807 2250 v
822 2211 837 2251 e
853 2172 895 2254 εἰ
913 2212 928 2251 r
943 2213 951 2252 1

757 2312 982 2354 srecravrr

756 2413 984 2455 novarent

294 2580 417 2641 Guasco
441 2583 523 2641 solus
547 2583 678 2642 servavit
700 2583 782 2658 (inde
804 2583 924 2643 Ritschl
947 2603 974 2641 n.
992 2581 1075 2657 ⁴³70).

292 2767 319 2825 2.
722 2783 896 2826 rnonvsvs
923 2783 1023 2826 censer

789 2884 955 2927 srecrnvn

293 3055 327 3111 ln
351 3053 494 3111 luteribus
517 3053 634 3111 duobus
657 3053 781 3128 reliquis
805 3053 918 3111 tridens
941 3064 969 3110 et
990 3053 1109 3129 palmae
1131 3072 1232 3112 ramus
1254 3053 1340 3111 incisi
1363 3060 1440 3110 sunt

292 3154 487 3212 Tomaslnius
510 3166 539 3213 et
560 3156 723 3231 Pignorius
747 3166 941 3214 servaverunt
963 3155 1046 3230 (inde
1069 3152 1103 3213 C.
1122 3155 1147 3214 Ι.
1163 3154 1199 3214 L.
1222 3155 1236 3212 l
1258 3175 1287 3231 p.
1305 3150 1399 3225 2001’3
1421 3152 1540 3212 Ritschl

209 3277 238 3313 n.
255 3255 337 3330 ⁴⁵71).

294 3423 322 3479 3.
727 3438 891 3483 rnorsnvs
919 3440 1022 3482 rassin

696 3549 698 3552 ·
792 3541 959 3585 srecrnvrr

830 3642 852 3683 n
876 3654 882 3670 ·
907 3642 921 3685 s

296 3791 365 3849 Vidi
390 3810 444 3869 ego
467 3791 498 3849 iu
512 3809 615 3851 museo
630 3792 806 3851 Britannico
828 3802 859 3851 et
880 3792 958 3850 edidi
981 3804 1037 3850 act.
1054 3791 1138 3850 acad.
1154 3791 1254 3849 Berol.
1270 3799 1390 3849 menstr.
1414 3809 1441 3848 a.
1460 3788 1537 3849 1867

209 3915 239 3972 p.
257 3893 333 3964 7623
356 3913 374 3951 a
395 3893 563 3951 Wieselcro
585 3903 736 3972 acceptum
758 3894 943 3953 Ritschelius
965 3912 1041 3954 urus.
1064 3894 1160 3953 Rhea.
1183 3912 1211 3952 a.
1237 3891 1314 3951 1866
1340 3911 1370 3968 p.
1387 3891 1457 3950 469.

293 3995 332 4055 N.
349 3992 380 4054 S.
404 4003 450 4054 est
471 3998 555 4052 aonia
578 3994 733 4055 Sextilibus
755 4006 807 4055 aut
829 3994 1049 4072 Septembribus.

294 4098 442 4155 Pilomusi
469 4107 499 4155 et
520 4096 655 4155 Protemi
682 4107 812 4157 tesseras
840 4099 988 4156 sermonis
1011 4106 1041 4154 et
1065 4096 1251 4155 litteraturae
1272 4097 1369 4153 forma
1390 4095 1541 4172 (inprimis

212 4204 234 4256 Ρ
258 4199 400 4276 angulata
429 4207 458 4256 et
484 4215 608 4274 prorsus
641 4199 758 4276 aperta)
793 4199 905 4256 liberae
931 4198 974 4255 rei
1001 4197 1139 4273 publicae
1171 4198 1357 4275 temporibus
1386 4197 1540 4273 adsignat3

213 4299 332 4359 Dioclis
355 4300 472 4358 videtur
493 4301 641 4359 recentior
663 4316 740 4357 esse.
784 4300 811 4355 Α
826 4298 991 4357 Ritschelio
1014 4297 1171 4357 damnatas
1190 4317 1293 4358 omnes
1308 4304 1432 4375 propter
1445 4298 1543 4375 ipsam

210 4407 348 4479 spectavit
369 4401 494 4461 formam
511 4401 661 4460 vindicare
681 4400 752 4458 olim
774 4400 833 4457 iam
853 4407 977 4458 conatus
1000 4415 1067 4456 sum
1082 4399 1167 4458 nisus
1182 4400 1315 4459 Protemi
1337 4407 1453 4459 tessera
1474 4398 1542 4456 sola

210 4513 272 4562 tum
291 4505 460 4581 superstite.
504 4503 584 4561 Ecce
599 4512 738 4579 quartum
754 4520 850 4577 nuper
864 4501 993 4560 accessit
1007 4502 1177 4578 exemplum
1198 4502 1323 4580 reliquis
1346 4500 1541 4559 simillimum.

295 4606 414 4665 Etenim
430 4603 555 4664 Corneti
577 4605 607 4662 in
631 4603 740 4663 veteris
756 4601 940 4678 Tarquiniae
962 4603 1032 4676 situ,
1056 4623 1143 4680 quem
1166 4606 1259 4664 luisse
1281 4612 1390 4680 putant
1411 4602 1543 4660 locorum

212 4707 311 4782 periti,
332 4708 361 4764 in
384 4706 507 4784 praedio
530 4705 608 4764 dieto
627 4702 722 4764 Ciuitd
738 4724 751 4764 a
769 4704 889 4765 Casaltu
909 4704 988 4762 inter
1008 4707 1117 4765 rudera
1139 4707 1242 4783 templi
1257 4706 1443 4779 aliorumque
1462 4701 1542 4759 aedi·

211 4808 346 4866 boiorum
367 4816 552 4866 vetustorum
574 4809 630 4866 hoa
651 4807 720 4883 ipso
737 4825 815 4865 anno
830 4803 1113 4865 MDCCCLXXVI
1128 4817 1247 4882 reperta
1265 4815 1322 4877 est,
1344 4815 1376 4863 ut
1398 4803 1488 4863 didici
1502 4822 1542 4862 ex

212 4910 409 4969 relationibus
431 4926 450 4965 a
470 4908 599 4985 Iosepho
621 4908 776 4969 Fiorelli
797 4907 933 4968 collectis
960 4916 990 4967 et
1015 4906 1147 4983 editis¹)‚
1169 4918 1284 4968 tessera
1305 4924 1405 4979 ossea,
1426 4906 1543 4964 formae

289 5095 312 5158 ¹)
331 5093 433 5147 Nottn'e
452 5093 522 5161 deqit
539 5097 612 5148 sceui
633 5095 662 5146 dt
679 5095 803 5149 undabit&
821 5094 972 5148 conculcate
992 5096 1047 5149 atta
1065 5094 1099 5148 R.
1120 5094 1273 5148 Accedemie
1292 5095 1335 5147 der·
1352 5092 1450 5155 ttucet,
1477 5088 1541 5142 Feb·

213 5182 286 5253 braju
307 5183 380 5238 1876
399 5187 509 5250 (Romae
531 5188 600 5239 1876
621 5189 658 5251 4.)
679 5206 704 5256 p.
721 5190 763 5242 19.
