3510 5812
648 1515 1110 1631 ADDITAMENTA

585 1690 662 1777 an
693 1689 953 1773 conponis
985 1689 1101 1773 von.
1122 1690 1168 1772 n.

799 1888 953 1900 -ut—

307 2017 368 2078 AD
390 2016 654 2080 PROVINCIAE
675 2014 889 2079 BAETICAIl
912 2015 1171 2080 CONVENTVS
1192 2016 1450 2082 ASTIGITANI

694 2118 785 2180 cnP.
801 2120 862 2181 VH
884 2117 1065 2182 SABORA.

211 2220 288 2364 A
313 2303 415 2364 Caieta
437 2303 467 2361 lc
482 2301 557 2361 Real
578 2302 722 2361 orientem
744 2319 848 2361 versus
870 2301 956 2360 iuxta
977 2301 1084 2362 collem
1107 2303 1204 2361 adhuc
1225 2303 1252 2360 el
1273 2320 1353 2362 cerro
1373 2303 1409 2361 ds
1424 2301 1544 2363 Sdhorc

159 2395 164 2406 ’
210 2406 321 2465 dictum
345 2405 392 2481 (ut
406 2405 570 2480 affirmant)
591 2410 622 2463 et
640 2423 735 2481 prope
751 2406 829 2462 viam
848 2421 927 2481 quae
941 2415 989 2464 est
1002 2406 1041 2463 ad
1055 2407 1101 2463 ias
1120 2405 1229 2464 Caecaa
1245 2405 1292 2463 dal
1304 2405 1441 2477 Becerro,
1462 2405 1543 2464 inter

211 2509 338 2585 vestigia
359 2509 462 2585 oppidi
488 2507 603 2582 antiqui
624 2507 655 2564 in
677 2507 804 2567 collibus
826 2507 915 2566 dictis
939 2508 975 2565 de
999 2509 1217 2584 licente-peones
1240 2507 1299 2566 late
1322 2507 1448 2584 sparsis,
1470 2516 1542 2567 ante

211 2629 299 2687 quam
322 2611 474 2670 acceditur
496 2609 534 2667 ad
556 2609 709 2684 praedium
732 2612 775 2669 loa
797 2611 913 2684 cortijos
935 2611 970 2669 de
990 2611 1020 2667 le
1043 2609 1164 2683 Coloda,
1186 2610 1267 2669 basis
1289 2616 1372 2668 extat
1393 2609 1455 2668 alta
1468 2628 1544 2669 aare

209 2715 356 2789 praedia,
382 2714 474 2772 taedia
495 2714 530 2770 de
556 2711 647 2771 caclo
668 2730 687 2787 y
709 2721 764 2770 tres
791 2722 907 2772 euertat
934 2714 1097 2788 destante,
1123 2712 1269 2790 inscripta
1289 2713 1333 2771 ita
1353 2713 1479 2785 litteris¹
1510 2722 1542 2771 nt

209 2816 342 2888 credunt,
365 2814 478 2873 saeculi
499 2813 588 2873 tertii.

209 2949 275 3011 142
298 2951 369 3026 (ins.
392 2962 462 3027 post
483 2970 511 3008 n.
531 2948 635 3026 1423).

532 3133 535 3137 .
602 3106 621 3145 ·.
670 3102 1146 3147 asmrttvs·srsenna

603 3206 782 3259 assarna

622 3306 854 3350 resonans
1103 3308 1142 3351 rs

635 3408 912 3516 salvosswo
1009 3410 1117 3453 svrr

292 3532 443 3591 Antonius
467 3531 504 3590 de
524 3530 678 3608 Agnilar
699 3550 719 3608 y
742 3529 826 3590 Cano
854 3532 984 3608 repperit
1009 3532 1238 3609 exemplumque
1263 3533 1347 3593 misit
1372 3533 1539 3593 Aureliano

210 3631 387 3706 (lustras,
410 3635 461 3710 qui
483 3633 575 3691 edidit
596 3637 701 3692 resista
723 3634 859 3692 historica
881 3652 908 3691 a.
927 3632 1006 3693 1876
1029 3653 1068 3692 m.
1092 3631 1174 3712 Sept.
1198 3635 1240 3708 (n.
1256 3634 1383 3710 XXIX)
1405 3653 1436 3711 p.
1454 3635 1525 3694 259.

293 3735 429 3814 Spatium
452 3736 532 3812 quod
553 3736 692 3795 consulto
715 3754 839 3794 vacuam
862 3736 998 3795 relictam
1021 3745 1068 3794 est
1088 3738 1273 3796 continuisse
1289 3737 1397 3796 dicitur
1418 3737 1540 3814 signnm

209 3838 330 3915 aliquod
357 3838 572 3915 anaglyphum,
607 3849 639 3898 ut
663 3847 785 3917 putant,
816 3859 854 3896 ex
880 3858 950 3898 aere
976 3839 1096 3898 laetum.
1139 3840 1169 3898 A
1194 3840 1280 3898 laeva
1306 3839 1410 3898 deesse
1437 3840 1539 3899 versui

208 3942 259 3999 uni
287 3945 393 4017 cuique
420 3941 536 3999 litteras
562 3941 649 4000 binas
683 3948 832 4014 ternasve,
865 3952 1021 4020 praeterea
1048 3943 1146 4018 primo
1173 3943 1295 4001 exeunti
1323 3949 1438 4001 tantum
1466 3942 1539 4002 item

207 4043 282 4102 duas
305 4042 446 4115 veltres,
467 4050 622 4120 praeterea
636 4062 706 4102 vero
729 4043 814 4115 nihil,
837 4043 959 4104 adnotat
980 4043 1085 4103 editor.
1128 4045 1240 4104 Tribus
1262 4044 1432 4122 cognomini
1453 4051 1539 4123 post·

206 4145 308 4223 posita
333 4145 365 4203 in
392 4145 564 4220 regionibus
591 4144 652 4203 illis
673 4163 733 4202 non
755 4143 889 4203 offendit.
932 4143 1002 4202 Non
1025 4163 1101 4223 opus
1124 4147 1214 4227 igitur
1235 4166 1301 4205 cam
1325 4145 1445 4206 Guerra
1467 4163 1538 4224 sup·

207 4247 290 4323 plere
306 4244 460 4321 Siaee(ae)
482 4245 532 4320 [L.
541 4243 690 4323 s(iliaa)];
716 4264 771 4303 nec
792 4245 878 4303 facile
900 4262 1066 4321 cognomen
1088 4267 1141 4323 per
1162 4249 1369 4327 compendium
1391 4249 1539 4324 scriptum

208 4347 432 4406 admittendum.
476 4348 591 4406 Versus
613 4348 711 4422 quarti
733 4347 973 4423 supplementum
996 4356 1120 4420 certum,
1143 4350 1201 4409 nisi
1223 4350 1321 4422 fallor,
1344 4350 1468 4409 debetur
1488 4350 1539 4410 Fi·

208 4448 268 4508 deli
290 4449 403 4508 Fitae.
449 4446 568 4508 Guerra
595 4449 632 4506 de
654 4446 786 4524 [AIJeoac
807 4448 856 4505 vel
882 4446 973 4505 simili
1000 4448 1129 4523 quodam
1156 4451 1203 4510 dei
1231 4452 1357 4511 alicuius
1387 4452 1539 4529 peregrini

208 4551 328 4609 nomine
362 4551 558 4628 cogitaverat3
599 4549 651 4607 sed
692 4548 797 4606 titulus
833 4556 936 4625 aperte
970 4550 1144 4625 sepulcralis
1181 4562 1236 4610 est.
1279 4552 1400 4613 Nomen
1435 4555 1540 4630 oppidi

208 4670 297 4710 versu
322 4653 411 4711 tertio
438 4652 608 4729 suppletum
635 4651 671 4708 ab
699 4647 864 4708 editoribus
889 4658 1013 4728 propter
1039 4653 1128 4711 situm
1151 4672 1210 4711 non
1234 4663 1315 4714 caret
1336 4656 1538 4729 dubitatione3

208 4770 277 4809 nam
306 4770 488 4828 quamquam
514 4771 587 4812 sane
614 4751 679 4811 fieri
705 4760 805 4828 potest
830 4757 863 4809 ut
888 4751 978 4810 luerit
1002 4752 1044 4811 ibi
1068 4752 1185 4814 Sabora
1207 4756 1350 4834 oppidum
1371 4777 1483 4818 novum
1504 4758 1538 4818 in

208 4853 333 4931 planitie
354 4864 533 4928 extructum,
556 4855 641 4914 cuius
663 4853 798 4913 meminit
817 4852 948 4931 epistula
963 4853 1145 4930 Vespasiani
1166 4857 1205 4915 ad
1227 4861 1421 4936 magistratus
1441 4858 1538 4921 Sabo·

208 4974 260 5014 rae
283 4956 395 5014 veteris
418 4954 492 5030 (rol.
507 4955 539 5013 Il
564 4955 669 5031 1423),
695 4964 793 5014 tamen
815 4954 919 5013 eodem
947 4954 1010 5013 iure
1031 4965 1083 5014 ant
1104 4957 1243 5019 Berensis
1270 4961 1446 5038 simpliciter
1467 4962 1541 5038 (tuit

209 5057 288 5117 enim
314 5058 399 5116 Bora
427 5056 570 5133 oppidum
596 5057 745 5130 Baeticae,
780 5057 865 5116 cuius
897 5056 1009 5114 nummi
1042 5060 1161 5135 extant)
1191 5072 1243 5120 aut
1269 5063 1350 5123 alind
1370 5083 1481 5124 nomen
1508 5065 1540 5124 in

201 5162 218 5214 ⁶.
234 5201 241 5215 .
258 5158 327 5217 bora
349 5159 413 5218 aive
429 5200 436 5215 .
453 5200 460 5216 .
477 5159 576 5218 borum
598 5159 737 5219 desinens
759 5159 792 5219 in
811 5157 898 5219 titulo
920 5156 1016 5216 fnisse
1041 5165 1165 5219 statues.
