3510 5812
324 503 395 571 114
754 520 1027 570 auurraumrra
1057 520 1139 570 rou.
1161 521 1214 569 vn

320 694 444 770 prolatis
468 694 497 751 in
520 693 577 751 boc
599 693 695 770 primo
711 693 872 750 voluminis
894 693 1012 769 septimi
1036 693 1243 769 supplemento
1263 693 1414 751 coniunxi.
1448 693 1563 750 Viliora
1580 710 1653 768 quo-

319 814 391 870 que,
415 814 491 870 quae
514 795 583 853 alibi
609 784 740 853 solemus
764 794 929 866 secludere,
953 794 1134 871 sepulcralia
1155 795 1345 852 instrumenti
1368 794 1472 852 titulos
1495 794 1566 865 alia,
1590 795 1654 852 exi·

321 897 441 955 stimavi
469 898 568 955 statim
597 899 791 974 proponenda
816 914 882 954 esse
904 916 970 954 curn
994 897 1127 972 reliquis.
1170 897 1231 957 Ubi
1258 897 1334 954 enim
1362 896 1563 972 infrequentes
1586 904 1656 954 sunt

320 1000 396 1056 tituli
420 1011 452 1057 ut
473 1000 503 1055 in
528 999 677 1075 plerisque
700 999 875 1057 Britanniae
897 999 1078 1075 regionibus,
1108 999 1181 1056 illud
1210 1000 1306 1075 ipsum
1329 998 1409 1074 quod
1432 999 1553 1057 omniuo
1576 999 1653 1057 tituli

320 1103 455 1159 cuiusvis
482 1103 646 1179 argumenti
668 1102 833 1178 prodierint
856 1120 944 1176 saepe
968 1120 1026 1159 non
1050 1101 1126 1158 levis
1150 1102 1288 1160 momenti
1312 1119 1379 1160 esse
1403 1102 1439 1158 ad
1462 1102 1654 1176 quaestiones

320 1204 515 1280 gravissimas
546 1204 706 1262 solvendas
737 1223 795 1261 non
825 1203 964 1281 ignorant
991 1204 1143 1262 doetrinae
1171 1204 1379 1280 epigrapbicae
1407 1203 1505 1279 periti.
1554 1202 1653 1262 Omisi

319 1316 433 1363 tantum
456 1307 647 1364 vasculorum
675 1306 789 1381 aliquot
811 1305 913 1364 titulos
935 1305 1077 1364 Londinii
1100 1313 1129 1362 et
1151 1306 1181 1363 in
1204 1306 1326 1374 vicinia,
1354 1307 1424 1363 item
1447 1305 1537 1362 Isurii
1560 1323 1655 1379 nuper

273 1425 278 1437 ·
320 1416 434 1478 erutos3
464 1408 492 1465 id
520 1408 596 1466 araim
625 1426 720 1484 genus
747 1407 926 1484 peculiarem
955 1407 1087 1482 postulat
1115 1408 1369 1478 retractationem,
1401 1426 1477 1482 quae
1507 1416 1576 1484 post
1603 1426 1652 1461 vo-

319 1509 433 1567 lumina
465 1510 600 1586 syllegae
629 1509 764 1568 Gallicae
792 1521 821 1568 et
848 1508 1042 1568 Germanicae
1072 1510 1152 1567 edita
1179 1511 1292 1568 maiore
1317 1529 1383 1568 eum
1410 1510 1508 1567 fructu
1536 1509 1652 1567 institui

321 1613 439 1687 poterit.

320 1873 369 1929 Ad
395 1891 421 1929 n.
439 1872 463 1929 l.
508 1873 612 1932 Edidit
638 1875 724 1933 etiam
755 1873 904 1932 Gilbert
932 1893 1032 1949 sureep
1059 1878 1093 1950 os
1119 1874 1264 1932 Cormeall
1293 1894 1320 1949 p.
1346 1874 1419 1945 199,
1453 1875 1505 1932 sed
1533 1884 1651 1932 secutus

360 1974 544 2034 Borlasiunr.

319 2237 368 2293 Ad
392 2256 419 2292 u.
437 2235 487 2293 12.
532 2236 616 2294 Haec
640 2237 777 2295 ridentur
800 2247 912 2296 tanturn
937 2240 965 2296 iu
989 2240 1088 2316 lapide
1111 2240 1201 2298 fuisse

978 2497 1166 2538 uaaour

861 2598 1023 2641 cuavoro
1052 2605 1066 2634 a
1095 2599 1168 2641 nivi

1002 2701 1165 2742 annau

981 2802 1069 2845 eron
1105 2808 1119 2838 a
1149 2802 1167 2842 τ

740 2908 752 2944 ε.
934 2902 1088 2946 noueeorr
1116 2904 1168 2945 nrv

864 3011 878 3040 a
911 3005 1037 3048 causatu
1068 3021 1075 3034 ·
1106 3007 1168 3048 avc

770 3090 1211 3149 tarwanensi-cosam

866 3208 880 3250 s
915 3221 921 3236 ·
955 3208 974 3251 c
1007 3222 1014 3236 ·
1047 3209 1069 3250 v
1102 3224 1108 3237 ·
1142 3212 1167 3251 n

360 3449 490 3524 Reliqua
506 3447 616 3526 chgh
637 3459 688 3508 aut
706 3449 771 3508 eius
787 3451 900 3508 amicus
917 3451 1139 3527 suppleverunt.
1177 3450 1260 3509 Haec
1276 3451 1318 3510 ita
1335 3470 1402 3512 esse
1418 3452 1465 3512 W.
1480 3453 1538 3511 Tb.
1556 3454 1647 3513 Wat·

320 3551 383 3608 kin
405 3550 586 3623 observavit,
609 3552 737 3611 fortasse
759 3561 846 3610 recte.

318 3811 363 3872 53
388 3814 459 3889 (ins.
483 3820 553 3890 post
581 3834 610 3872 n.
632 3814 694 3888 35).
744 3812 955 3892 sarcophagus
982 3834 1167 3874 marmoreus
1196 3837 1259 3893 rep.
1287 3838 1314 3876 a.
1346 3817 1423 3877 1867
1451 3819 1481 3875 in
1512 3815 1646 3894 Clepton.

361 3915 506 3993 Superest
528 3933 634 3976 versus
657 3916 736 3974 tituli
759 3916 881 3976 ultimus
903 3917 987 3978 solus

895 4156 1068 4200 maarrtmvs

359 4362 461 4420 Pricc
484 4365 672 4420 transactione
699 4363 733 4435 os
758 4364 801 4421 tle
824 4363 945 4420 London
972 4366 1034 4421 aad
1059 4363 1221 4421 Middleeea
1247 4363 1478 4438 urclueolopieal
1503 4368 1606 4441 aoeietp
1629 4364 1646 4419 3

318 4483 347 4540 p.
368 4463 424 4521 196
449 4463 531 4538 (inde
555 4464 603 4523 W.
628 4463 685 4521 Th.
709 4463 849 4522 Watkin
871 4465 1014 4524 urclueol.
1030 4466 1130 4537 journ..
1154 4466 1205 4536 31,
1229 4466 1308 4524 1874
1331 4487 1360 4543 p.
1378 4466 1460 4542 352).

319 4670 368 4728 Ad
389 4691 417 4729 n.
434 4670 489 4729 oo.
535 4673 634 4749 Prope
650 4675 755 4750 Aquas
776 4685 924 4750 repertum
947 4693 1014 4734 esse
1036 4675 1208 4752 aliquando,
1232 4675 1286 4734 sed
1308 4676 1432 4752 periisse
1454 4684 1559 4751 postea
1578 4677 1648 4734 titu-

358 4773 430 4845 lum,
452 4775 484 4830 in
506 4792 565 4849 quo
588 4794 695 4834 nomen

839 4916 905 4972 ulae
927 4913 1132 4972 Proculaaaue

257 5153 262 5160 ,
359 5083 498 5143 distincte
526 5083 668 5160 seriptum
695 5087 818 5159 suisset,
848 5107 885 5145 ex
912 5087 1092 5146 indicatione
1120 5087 1248 5164 quadam
1277 5107 1366 5147 manu
1393 5089 1507 5166 scripta
1534 5089 1647 5149 rettulit

359 5184 408 5244 W.
431 5184 489 5244 Th.
513 5185 665 5245 Watkiu.
