3510 5812
630 503 679 552 ns
700 500 826 553 saonis
846 501 938 553 ovis.
1400 481 1445 552 03

116 684 245 735 constat.
290 676 343 733 sed
366 693 471 734 rursus
495 676 584 734 modo
606 678 774 735 adcircum
797 697 831 732 m.
856 676 913 750 (ita
934 674 994 732 kal.
1019 672 1172 733 Summani
1195 683 1225 731 et
1247 674 1386 733 Herculis
1409 675 1453 732 in·

116 777 212 853 victi),
236 779 325 836 modo
349 782 473 836 iccirco
496 798 530 835 m.
555 779 612 852 (ita
635 777 740 836 Livius
762 778 812 848 37,
828 777 866 834 06
895 777 998 835 aedem
1022 777 1205 852 Iuventutis)
1233 776 1328 834 luisse
1350 777 1452 835 dicun·

116 892 174 941 tur.
219 879 321 938 eadem
351 881 552 957 discrepantia
581 881 610 938 iu
638 880 747 955 templo
771 879 841 956 Spei
871 882 911 938 ad
930 883 1031 955 soriam
1057 881 1220 938 holitorium
1250 883 1349 955 posito
1377 887 1453 938 testo

116 984 178 1042 kal.
201 982 283 1040 Vall.
307 983 392 1055 Arm,
414 987 444 1040 in
460 984 530 1056 soro
553 983 579 1040 t.
603 992 677 1040 teste
700 982 787 1041 Livio
810 982 860 1054 tl,
877 980 927 1053 62,
951 982 1079 1058 denique
1108 983 1137 1040 in
1167 982 1284 1057 templis
1308 982 1452 1040 kalenda-

116 1086 229 1144 riarum
253 1103 310 1144 usu
333 1085 481 1143 constanti
508 1086 549 1142 ad
568 1087 667 1159 sorum
696 1084 784 1144 dictis
809 1082 941 1156 Saturni,
971 1084 1058 1161 Opis,
1087 1084 1148 1142 divi
1171 1084 1250 1156 Iulii,
1274 1083 1398 1143 aliorum
1421 1086 1452 1140 ia

112 1191 193 1265 sora,
218 1187 255 1244 ad
279 1206 355 1264 quae
377 1188 457 1246 infra
479 1187 661 1246 redeundum
686 1197 741 1246 est.

203 1291 231 1347 4.
278 1288 339 1350 Sed
361 1290 399 1347 ab
422 1291 477 1348 hac
500 1289 641 1366 loquendi
665 1290 877 1361 inconstantia,
901 1309 990 1366 quam
1013 1310 1044 1347 re
1068 1308 1139 1348 vera
1162 1289 1274 1347 nullam
1290 1308 1359 1349 esse
1382 1307 1452 1348 con·

118 1393 258 1463 cesseris,
282 1400 345 1451 toto
367 1393 450 1452 caelo
477 1392 602 1450 distaret
624 1401 653 1449 et
675 1393 828 1451 nominum
856 1392 960 1468 templi
983 1391 1061 1469 Opis
1083 1394 1237 1466 adfurum
1262 1403 1289 1449 et
1311 1396 1341 1450 in
1367 1392 1451 1467 Capi-

119 1495 186 1554 tolia
210 1495 380 1564 diversitas,
403 1513 464 1571 qua
486 1495 523 1554 de
545 1495 671 1570 agimus,
694 1504 722 1554 ct
744 1495 897 1553 nominum
920 1494 1022 1552 sacelli
1047 1492 1139 1552 Consi
1162 1498 1191 1552 ia
1209 1493 1349 1552 Acastiao
1371 1501 1401 1552 et
1422 1497 1452 1551 ia

118 1601 204 1668 circo,
227 1596 395 1673 dequibus
419 1597 590 1655 nominibus
605 1616 684 1657 nunc
705 1598 811 1674 paucis
834 1597 1000 1656 absolvam.
1045 1595 1229 1672 Capitolium
1252 1597 1343 1672 igitur
1358 1605 1388 1655 et
1407 1597 1451 1654 lo-

117 1719 184 1759 rum
206 1704 274 1777 ipso
302 1699 361 1759 situ
390 1700 432 1758 ita
453 1699 582 1758 discreta
610 1708 679 1758 sunt
701 1699 792 1757 atad
814 1700 911 1757 lorum
938 1718 998 1757 non
1021 1699 1119 1775 possit
1144 1698 1238 1757 fuisse
1260 1699 1341 1774 quod
1362 1697 1453 1757 fuerit

117 1803 149 1860 in
172 1799 334 1878 Capitolio.
379 1821 475 1879 neque
501 1810 620 1879 practer
648 1799 769 1861 Saturni
797 1801 938 1879 templum
962 1801 1041 1860 aliud
1069 1801 1161 1860 ullum
1185 1801 1285 1859 audivi
1308 1801 1451 1858 creditum
1507 1837 1509 1840 <

118 1922 186 1964 esse
219 1914 345 1980 utraque
377 1904 434 1961 hac
466 1905 668 1981 appellatione
700 1903 835 1981 potuisse
868 1903 1039 1980 significari.
1083 1923 1137 1962 nec
1161 1923 1262 1960 verum
1288 1911 1343 1974 est,
1370 1902 1451 1978 quod

118 2007 323 2066 excusationis
346 2024 438 2065 causa
460 2006 577 2078 dicitur,
601 2007 630 2064 in
654 2006 761 2065 declivi
784 2006 894 2064 montis
917 2015 996 2063 stare
1013 2005 1135 2065 Saturni
1157 2004 1314 2080 templum:
1338 2014 1453 2064 statut

117 2109 198 2167 infra
212 2108 326 2168 dicetur
348 2109 403 2167 sub
425 2108 503 2167 clivo
519 2105 701 2183 Capitolino,
724 2126 810 2183 quem
834 2108 932 2165 locum
955 2127 1043 2166 nemo
1066 2126 1194 2183 unquam
1217 2126 1272 2183 pro
1295 2116 1379 2182 parte
1395 2105 1453 2165 Ca·

117 2211 216 2289 pitolii
244 2211 416 2270 venditavit.
463 2211 516 2270 sed
544 2210 580 2268 ad
602 2210 722 2270 Saturni
749 2210 851 2268 aedem
879 2211 957 2268 infra
984 2209 1164 2269 redeundum
1193 2218 1248 2268 est.
1292 2209 1329 2267 dc
1354 2208 1450 2268 Consi

119 2313 215 2373 sacris
242 2313 322 2372 binis
352 2312 424 2372 olim
451 2333 510 2372 non
538 2312 703 2371 dubitatum
732 2323 784 2370 est.
830 2330 899 2370 nam
922 2311 1016 2370 Consi
1045 2332 1126 2370 aram
1153 2315 1184 2369 iu
1206 2315 1280 2370 circo
1302 2313 1353 2370 aab
1376 2322 1452 2369 terra

116 2417 160 2475 ad
174 2418 289 2491 primas
310 2427 399 2475 metas
421 2415 514 2473 luisse
530 2414 710 2473 Tertulliani
728 2416 818 2472 verba
837 2415 948 2473 totiens
969 2414 1127 2472 decantata
1149 2421 1312 2472 testantur:
1336 2415 1392 2471 hoc
1407 2425 1453 2472 cst

118 2516 159 2575 ad
184 2527 273 2596 caput
300 2517 404 2594 spinae
432 2517 461 2574 in
488 2517 558 2592 ipsa
585 2517 696 2575 harena
723 2535 758 2573 eo
786 2517 851 2574 loco
879 2536 939 2593 quo
967 2517 1055 2574 ctiam
1088 2517 1117 2573 in
1149 2517 1229 2574 circo
1257 2516 1452 2574 Maxentiano
1557 2590 1561 2598 Ι

119 2637 203 2678 aram
226 2619 281 2678 sub
304 2631 384 2679 terra
405 2619 554 2677 conditam
577 2619 675 2677 tuisse
698 2638 774 2677 nunc
789 2637 909 2694 qnoque
926 2618 1083 2676 cernimus.
1127 2618 1207 2694 quod
1230 2618 1320 2694 igitur
1343 2620 1373 2677 iu
1389 2619 1453 2693 pla·

119 2722 196 2780 nicie
222 2721 352 2780 liar-enac
379 2721 484 2792 fuerit,
508 2721 537 2778 id
566 2724 594 2779 ia
619 2720 757 2779 Auentina
785 2721 879 2779 fuisse
903 2720 992 2778 nullis
1014 2720 1161 2778 maclriuis
1184 2721 1318 2779 effeceris
1341 2740 1359 2777 a
1380 2738 1451 2795 quo·

119 2843 208 2900 quam
242 2824 378 2899 potuisse
411 2825 469 2881 dici
501 2824 619 2882 Latine.
668 2825 770 2899 itaque
803 2842 868 2880 cum
903 2823 1030 2900 legimus
1063 2821 1157 2880 Causa
1190 2826 1218 2879 in
1250 2823 1390 2880 Auentino
1424 2823 1451 2880 d.

122 2925 157 2983 21
184 2928 264 3002 Aug.
286 2926 394 3001 (Vall.)
418 2939 445 2983 ct
467 2926 494 2983 d.
521 2926 558 2983 12
583 2926 656 2984 Dec.
681 2926 802 3002 (Amit.)
825 2925 934 2983 iactum
962 2943 1039 2996 csse,
1061 2925 1213 2983 Beckerus
1241 2944 1269 3000 p.
1286 2924 1345 2981 450
1370 2924 1453 2982 Prel-

121 3029 201 3087 lcrus
225 3029 320 3104 Mytlr.
343 3049 372 3105 p.
390 3026 446 3084 421
473 3028 523 3086 alii
552 3029 716 3088 rectissime
743 3029 800 3085 hoc
829 3025 921 3087 Consi
949 3027 1091 3103 templum
1121 3027 1159 3084 ab
1184 3046 1237 3084 ara
1258 3025 1350 3085 Consi
1378 3027 1453 3084 solis

120 3133 303 3191 circensibus
318 3131 397 3188 ludis
418 3131 582 3205 conspicua
604 3131 814 3189 discreverunt.
860 3130 973 3188 accedit
987 3130 1067 3204 quod
1083 3130 1179 3204 ipsius
1196 3129 1343 3187 Varronis
1364 3130 1455 3186 verba

122 3235 178 3293 hoc
200 3234 274 3293 satis
297 3235 377 3292 clare
400 3233 614 3291 demonstrant.
659 3251 727 3290 nam
750 3233 792 3290 ita
819 3232 950 3307 loquitur
972 3231 1008 3288 de
1030 3231 1049 3289 l.
1066 3232 1086 3289 l.
1110 3232 1138 3303 6,
1163 3229 1202 3289 20
1225 3230 1269 3306 (p.
1287 3229 1345 3288 202
1370 3227 1452 3306 Sp.):

124 3335 283 3395 Consualia
299 3338 376 3395 dicta
399 3337 537 3406 abbaso,
560 3335 638 3410 quad
658 3345 715 3392 tum
730 3338 826 3410 seriae
845 3335 978 3410 publicae
994 3336 1020 3391 ei
1040 3334 1101 3404 deo,
1126 3345 1150 3392 et
1172 3337 1201 3390 ia
1225 3337 1300 3393 circo
1316 3334 1358 3390 acl
1370 3352 1453 3390 aram

121 3443 180 3496 sius
213 3439 250 3494 ab
283 3439 477 3496 sacerdotibus
511 3438 573 3495 tacti
604 3437 649 3494 illi
682 3438 783 3512 quibas
815 3440 939 3512 viraines
968 3435 1095 3495 Sabinas
1122 3447 1231 3511 raptae.
1276 3437 1323 3493 his
1355 3435 1453 3493 verbis

122 3541 325 3598 Mommsenus
347 3538 382 3599 C.
406 3540 430 3598 Ι.
452 3539 488 3597 L.
516 3542 526 3597 l
553 3559 581 3614 p.
599 3539 660 3596 400
683 3538 799 3597 videtur·
821 3551 944 3615 putasse
967 3558 985 3595 a
1006 3539 1175 3614 glossatore
1197 3539 1291 3596 inlata
1313 3555 1381 3597 esse
1403 3537 1454 3595 illa

122 3642 159 3700 ub
181 3644 392 3715 sacerdotibus3
416 3643 516 3701 omisit
539 3642 630 3700 enim:
658 3660 734 3717 quae
761 3646 786 3699 si
809 3641 865 3699 fuit
887 3642 1034 3700 sententia
1056 3641 1132 3711 eius,
1155 3639 1276 3698 minima
1298 3641 1325 3698 ci
1348 3640 1454 3699 adsen-

122 3745 189 3802 tior.
233 3745 445 3803 sacrificabunt
466 3745 550 3803 enim‘
568 3753 643 3803 teste
666 3743 855 3802 Tertulliano
878 3744 956 3821 apud
978 3763 1059 3802 aram
1084 3741 1178 3802 Consi
1201 3747 1283 3800 uanis
1298 3743 1385 3800 latiis
1407 3761 1454 3800 sa-

122 3849 247 3906 cerdotes
268 3847 377 3923 publici
399 3848 470 3923 (hoc
486 3858 532 3906 est
547 3847 711 3924 pontifices,
734 3847 881 3916 flamines,
905 3845 1034 3920 virgines
1050 3845 1187 3918 Vestae),
1213 3845 1284 3902 XII
1295 3845 1354 3901 tat.
1372 3844 1451 3918 Sept.

114 3951 222 4025 flamen
247 3949 410 4019 Quirinalis
433 3959 458 4006 et
479 3952 612 4023 cirpiues.
656 3950 715 4007 iam
738 3967 880 4024 compara
906 3947 959 4005 illa
980 3947 1016 4005 de
1039 3947 1244 4023 Opiconsiviis
1275 3945 1355 4003 dicta
1379 3946 1453 4021 Opse-

122 4054 250 4109 coust'sia
265 4053 326 4109 clius
341 4051 377 4107 ab
400 4052 454 4107 dea
474 4049 669 4126 Opeconsiua,
692 4054 794 4127 qssoius
810 4053 838 4107 iu
863 4053 943 4126 repta
959 4053 1131 4118 sacrariam,
1155 4049 1233 4124 quod
1252 4050 1315 4105 idea
1331 4045 1454 4118 iactum

121 4164 153 4211 ut
167 4173 197 4212 eo
215 4163 333 4229 praeter
347 4157 470 4229 viraines
486 4151 613 4211 Vestales
636 4163 661 4210 et
683 4156 855 4212 sacerdotum
873 4153 1019 4229 publicum
1037 4155 1157 4209 introeat
1178 4170 1273 4208 uerno:
1294 4150 1323 4206 in
1346 4149 1454 4225 quibus

122 4255 222 4315 verbis
243 4255 323 4331 quod
346 4269 518 4332 corruptum
542 4263 587 4314 est
608 4274 796 4332 quocumque
820 4255 908 4313 modo
935 4254 1069 4332 corrigas
1095 4253 1320 4329 (temptavimus
1343 4271 1398 4327 qao
1422 4254 1456 4308 ds

124 4367 252 4416 sunctum
274 4356 464 4427 Huschkius,
492 4360 570 4434 qood
594 4359 655 4415 ideo
679 4367 772 4415 artam
794 4358 878 4432 ego),
906 4367 1005 4415 tumen
1028 4356 1141 4432 liquido
1165 4364 1290 4432 apparet
1311 4353 1454 4414 contineri

123 4460 296 4518 memoriam
320 4459 397 4518 sacri
421 4478 439 4517 a
461 4459 536 4517 solis
559 4460 606 4518 his
630 4459 833 4517 sacerdotibus
857 4460 925 4517 iacti
949 4460 978 4516 in
1001 4460 1084 4535 regia
1105 4466 1224 4536 praeter
1248 4458 1339 4517 serias
1362 4456 1454 4515 maio-

124 4579 173 4620 res
195 4561 231 4619 ad
249 4561 325 4638 Opis
340 4570 434 4621 actas.
479 4561 531 4620 sed
550 4562 586 4620 de
603 4580 689 4620 sacro
712 4563 740 4619 in
757 4566 840 4637 rogia
859 4562 938 4619 lacto
960 4562 1039 4619 intra
1054 4562 1159 4619 dicam.
1205 4560 1342 4618 similiter
1365 4559 1455 4634 igitur

123 4660 225 4721 Conso
247 4663 358 4722 lactum
382 4666 496 4724 dixeris
518 4685 536 4722 a
559 4664 765 4724 sacerdotibus
788 4663 826 4720 ad
848 4683 930 4721 aram
951 4665 983 4721 in
998 4664 1076 4722 circo
1099 4663 1240 4740 positam,
1260 4662 1349 4720 serias
1371 4668 1454 4719 actas

124 4763 328 4825 Consualibus
351 4767 380 4823 in
404 4768 554 4825 Aventino
577 4767 615 4824 ad
639 4765 746 4826 Consi:
781 4764 927 4824 Varronis
949 4765 1026 4823 enim
1050 4767 1142 4825 verba
1163 4765 1300 4823 laborare
1324 4764 1398 4822 vitio
1420 4764 1455 4821 li·

123 4866 291 4926 brariorum
319 4869 395 4926 satis
424 4879 558 4945 apparet.
603 4879 675 4944 puto
697 4877 766 4946 post
781 4869 972 4926 sacerdotibus
995 4868 1139 4925 enuntiati
1162 4867 1271 4944 prioris
1289 4867 1386 4935 linem,
1410 4883 1455 4922 se·

123 4970 242 5043 quentis
265 4970 384 5028 initium
407 4971 565 5029 excidisse.
610 4979 739 5028 ceterum
764 4970 837 5028 deae
860 4969 1173 5045 nomenstlpsconsiuia
1195 4968 1273 5045 apud
1290 4968 1453 5025 Varronem

123 5071 265 5147 scriptum
294 5072 401 5144 fertur,
431 5073 500 5130 item
529 5071 615 5148 Opem
642 5076 798 5130 cousioiam
826 5072 969 5149 scriptum
998 5081 1045 5128 cst
1070 5073 1098 5128 iu
1127 5069 1280 5129 codicibus
1309 5069 1454 5127 Macrobii

124 5171 156 5232 S.
170 5173 199 5247 3,
216 5173 245 5246 9,
262 5174 295 5244 4;
317 5174 407 5233 dubia
428 5175 515 5233 lectio
538 5183 584 5232 est
606 5174 684 5252 apud
701 5173 824 5233 Festum
848 5193 875 5250 p.
896 5172 962 5231 180.
1008 5172 1080 5230 mihi
1102 5182 1216 5232 certum
1239 5153 1354 5229 videtur
1376 5170 1453 5228 diem

126 5275 316 5351 Opeconsioia
337 5277 385 5334 vel
411 5277 598 5353 Opicausiaia
622 5277 731 5334 dictum
755 5295 832 5348 osse,
854 5275 938 5333 deam
965 5273 1052 5350 Opem
1075 5277 1225 5333 concisam.
