3510 5812
338 1808 865 1983 GVTENSTENMNA
890 1811 971 1923 ΕΤ
996 1811 1418 1924 111191111111111.

297 2135 504 2199 Μο8111188888
532 2159 599 2199 eum
624 2141 655 2199 in
682 2139 773 2197 vell
795 2160 823 2217 p.
841 2139 879 2199 67
896 2157 980 2216 seqq.
1008 2140 1045 2197 de
1073 2140 1131 2199 fide
1152 2139 1326 2199 Leonhardi
1350 2139 1542 2202 Gutenstenii

210 2241 386 2315 disputaret,
413 2242 571 2319 requisivit
595 2253 628 2301 ut
654 2243 822 2301 accuratius
844 2242 1044 2318 inquireretur
1065 2243 1096 2300 iu
1117 2242 1238 2302 fraudes
1262 2243 1327 2302 eius
1349 2253 1379 2303 et
1401 2256 1543 2321 excerpta

213 2341 403 2417 potissimum
421 2343 596 2403 Metelliana
618 2344 776 2422 diligenter
797 2344 1049 2403 examinarentur.
1092 2344 1181 2404 Unde
1205 2363 1263 2403 non
1285 2345 1390 2404 inutile
1413 2347 1544 2406 iudicavi

212 2448 269 2504 hoc
291 2446 357 2505 loeo
372 2463 560 2521 componere,
584 2447 608 2504 si
631 2446 742 2522 quain
765 2446 948 2506 elaborando
965 2444 1100 2522 Corpore
1122 2447 1351 2523 inscriptionum
1365 2448 1543 2507 Latinarum

212 2550 382 2626 repperisse
404 2548 477 2606 mihi
500 2550 583 2608 visus
606 2567 713 2620 essem,
741 2548 851 2623 quibus
874 2548 1041 2607 accuratius
1063 2548 1284 2624 perspiceretur
1305 2549 1423 2608 indoles
1445 2551 1540 2609 homi·

214 2652 261 2709 nis
285 2654 413 2709 stratio
436 2651 466 2708 in
489 2650 643 2708 tradendis
665 2650 911 2726 inscriptionibus
934 2650 1008 2709 eius.

295 2752 337 2811 m
358 2754 455 2830 primo
477 2753 598 2829 quidem
621 2754 769 2830 agendum
792 2753 849 2810 erit
870 2753 907 2811 de
923 2753 1094 2829 Ligeriauis
1118 2773 1171 2829 per
1191 2751 1422 2813 Gutenstenium
1445 2755 1541 2814 divul-

214 2857 302 2934 gatis.
346 2856 452 2914 lnsunt
479 2856 510 2914 in
532 2856 645 2915 Metelli
673 2855 774 2914 codice
794 2853 943 2912 Vaticano
971 2856 1052 2914 6034
1076 2845 1267 2932 (1.13-94)
1290 2856 1364 2914 lolia
1384 2858 1542 2932 quaedam,

212 2977 288 3034 quae
316 2956 480 3036 aLigorio
511 2959 645 3035 profecta
672 2976 741 3016 esse
768 2957 928 3016 manifesto
956 2957 1118 3016 ostendunt
1144 2968 1177 3015 ut
1203 2957 1307 3016 charta
1334 2968 1363 3016 et
1385 2959 1543 3037 scriptura,

211 3061 255 3118 ita
282 3059 437 3118 titulorum
464 3060 581 3120 indoles
607 3061 800 3136 locorumque
827 3060 986 3117 enarratio.
1031 3059 1065 3116 In
1087 3060 1197 3135 quibus
1223 3060 1274 3136 qui
1303 3060 1442 3138 leguntur
1463 3062 1542 3120 tituli

213 3164 318 3221 urbani
345 3173 374 3221 et
403 3163 576 3233 suburbani,
604 3163 625 3221 ii
656 3164 687 3220 in
715 3163 888 3221 thesaurum
917 3159 1131 3220 Gruterianum
1159 3163 1269 3239 recepti
1298 3172 1368 3220 sunt
1397 3181 1464 3221 eum
1492 3164 1543 3222 ad·

214 3265 426 3342 scriptionibus
450 3264 511 3322 his:
533 3261 562 3321 ‘e
578 3259 773 3322 Metellianis’
796 3264 843 3322 vel
864 3261 892 3321 ‘e
908 3264 1022 3322 Metelli
1045 3259 1176 3323 schedis’
1200 3262 1288 3322 Grut.
1313 3263 1446 3335 587,11.
1471 3266 1543 3338 593,

212 3369 240 3426 4.
264 3367 334 3437 596,
352 3368 379 3425 9.
409 3366 513 3438 775,3
542 3366 577 3443 (1.
595 3362 650 3423 90’.
674 3366 723 3424 93.
755 3366 823 3442 19);
852 3360 883 3423 ‘e
905 3365 1052 3423 Panvinio
1080 3365 1142 3440 (vel
1164 3362 1399 3443 ‘Pauvinianis')
1430 3376 1459 3427 et
1481 3369 1543 3426 Me·

212 3463 352 3528 tellianis’
375 3469 439 3544 (vel
459 3465 486 3526 ‘e
503 3468 618 3527 Metelli
640 3463 872 3546 manuscripto’)
896 3466 984 3528 Grut.
1009 3467 1080 3538 339,
1096 3467 1124 3524 3.
1148 3468 1218 3539 544,
1235 3469 1262 3526 9.
1287 3469 1358 3539 549,
1375 3470 1402 3527 3.
1426 3469 1496 3540 550,
1514 3470 1542 3529 9.

213 3570 317 3642 912,2
341 3570 374 3646 (f.
394 3567 448 3628 lo‘.
473 3569 529 3628 20'.
554 3570 617 3646 94),
645 3567 673 3628 ‘e
695 3570 853 3645 Pigbianis
882 3581 912 3627 et
934 3570 1045 3627 Metelli
1076 3565 1206 3628 schedis’
1229 3571 1268 3628 id.
1293 3570 1398 3640 548,9
1423 3571 1457 3646 (f.
1475 3571 1542 3648 94);

213 3694 303 3752 88118
330 3673 484 3732 Metellum
512 3672 629 3732 dedisse
651 3670 782 3731 Grutero
810 3673 990 3730 subnotatur
1017 3671 1112 3729 titulis
1131 3671 1206 3741 805,
1223 3672 1251 3730 9.
1275 3672 1346 3746 975,
1363 3671 1391 3730 8.
1415 3674 1542 3745 975,10

213 3778 247 3854 (f.
264 3772 319 3833 21’.
344 3772 399 3833 99.
423 3775 495 3851 93);
518 3775 630 3832 vidisse
647 3773 793 3835 Smctium
816 3783 845 3830 et
860 3773 1012 3832 Metellum
1030 3772 1100 3845 591,
1117 3775 1136 3830 4
1159 3773 1192 3848 (1.
1210 3770 1286 3849 94’);
1310 3773 1543 3834 Gutenstenium

210 3879 446 3938 communicasse
474 3896 542 3934 cum
565 3874 696 3935 Grutero
720 3872 750 3932 ‘e
773 3871 998 3951 manuscriptis'
1025 3875 1073 3932 vel
1100 3872 1127 3931 ‘e
1155 3876 1256 3933 codice
1280 3872 1405 3935 Metelli'
1437 3878 1542 3948 331,4

212 3981 282 4051 410,
299 3981 327 4039 8.
352 3980 422 4050 636,
439 3979 467 4035 7.
491 3975 595 4048 643,9
624 3976 658 4050 (1.
679 3976 723 4033 16.
756 3973 810 4034 16‘.
842 3973 895 4035 19¹.
926 3974 994 4051 21¹).
1041 3974 1185 4035 Similiter
1214 3978 1416 4053 desumpsisse
1444 3998 1477 4038 se
1504 3999 1543 4037 ex

211 4082 359 4142 Pauvinio
382 4091 412 4138 et
429 4078 628 4138 Gutensteuio
651 4079 775 4136 adnotat
791 4076 941 4138 Gruterus
964 4078 1082 4136 titulum
1098 4079 1169 4151 533,
1187 4081 1204 4137 3
1227 4079 1263 4153 (f.
1284 4080 1346 4155 19),
1368 4080 1487 4139 dedisse
1510 4099 1543 4139 88

212 4204 249 4243 ex
273 4183 421 4242 Panvinio
444 4181 584 4240 adhibitis
606 4182 675 4239 item
699 4181 817 4240 schedis
839 4180 951 4240 Metelli
975 4189 1004 4237 ct
1026 4178 1151 4239 Sculteti
1175 4178 1245 4251 521,
1264 4180 1292 4240 2.
1336 4180 1406 4240 Non
1429 4192 1543 4241 restant

212 4288 243 4344 in
276 4285 357 4343 soliis
390 4283 450 4342 illis
479 4283 661 4342 Metellianis
694 4283 753 4341 uisi
790 4284 869 4341 tituli
896 4292 1047 4359 quattuor,
1076 4301 1153 4358 quos
1182 4280 1331 4341 Gruterus
1360 4283 1447 4342 affert
1479 4285 1543 4360 qui·

212 4387 289 4456 dem,
316 4386 369 4445 sed
395 4384 525 4456 aliunde,
554 4385 669 4444 88111881
695 4399 756 4445 1188
785 4385 854 4456 339,
872 4384 900 4442 9.
924 4386 1039 4457 stae.
1070 4383 1175 4456 7793
1206 4383 1240 4458 (1.
1261 4383 1314 4443 15‘.
1337 4382 1394 4443 90.
1419 4383 1480 4461 29)
1503 4406 1541 4445 ex

210 4489 369 4560 Panvinn,
396 4495 536 4564 quartum
561 4489 629 4561 149,
646 4489 675 4558 6,
697 4488 883 4562 exscriptum
905 4507 923 4545 a
945 4487 1063 4565 Pigbio.
1109 4485 1194 4560 Quae
1222 4505 1289 4544 cum
1316 4487 1359 4545 ita
1381 4488 1450 4559 sint,
1472 4506 1543 4547 con-

210 4593 269 4650 stat
296 4591 374 4649 hanc
401 4598 481 4649 certe
510 4590 688 4649 schedarum
709 4590 951 4648 Metellianarum
980 4599 1094 4666 partem
1118 4588 1348 4647 Gutensteuium
1370 4590 1409 4648 ad
1432 4588 1542 4649 Grute-

210 4714 277 4752 rum
303 4693 424 4751 misisse
451 4700 554 4764 totam,
583 4712 638 4750 nee
665 4692 768 4750 titulos
797 4692 827 4749 in
854 4711 890 4749 ea
917 4692 1101 4770 perscriptos
1131 4708 1312 4769 magnopere
1340 4692 1540 4767 interpolavit.

211 4795 296 4870 Quae
323 4797 403 4854 euim
431 4795 511 4872 apud
539 4793 702 4855 Gruterum
729 4794 816 4852 aliter
843 4794 981 4870 leguntur
1008 4802 1097 4871 atque
1120 4795 1150 4852 in
1177 4793 1297 4852 schedis
1319 4794 1443 4865 Metelli,
1466 4795 1541 4853 levis

208 4898 351 4957 momenti
381 4905 452 4956 sunt
480 4897 542 4956 fere
571 4897 673 4955 omnia
700 4906 730 4955 et
758 4897 801 4954 ita
829 4906 1010 4972 comparata,
1044 4904 1077 4954 ut
1107 4897 1192 4974 origo
1215 4895 1399 4954 diversitatis
1427 4896 1475 4953 vel
1504 4897 1542 4956 ab

209 5000 468 5059 emendationibus
491 4998 614 5058 editoris
637 4999 685 5058 vel
707 4999 746 5057 ab
767 4999 919 5057 erroribus
947 4998 1137 5057 librariorum
1161 4997 1298 5056 videatur
1320 4999 1413 5074 repeti
1436 5015 1540 5073 posse:

210 5110 242 5159 ut
270 5102 393 5161 exhibet
419 5100 507 5162 Grut.
532 5100 602 5174 587,
621 5103 656 5158 11
682 5101 744 5159 89
767 5116 867 5172 sectr,
896 5101 945 5158 ubi
975 5100 1103 5160 schedae
1125 5099 1239 5160 Metelli
1262 5116 1388 5159 s·r·c
1417 5099 1540 5170 habent3

212 5203 283 5275 636,
300 5204 316 5261 7
340 5223 368 5261 v.
385 5206 397 5261 l
416 5218 505 5262 ivaro
521 5221 575 5278 pro
591 5217 670 5262 vruo
694 5203 823 5274 Metelli3
847 5202 917 5273 975,
934 5203 951 5261 8
976 5204 1035 5260 nl
1052 5218 1165 5261 sazvsn
1179 5220 1234 5279 pro
1257 5217 1399 5260 raszvsri.
1442 5200 1541 5278 Magis
