3510 5812
628 438 704 488 tex
729 437 893 487 uertitur
919 438 1169 492 VIPAscuNSIS.
1489 428 1559 497 187

229 616 335 696 pretiis
357 614 415 675 sibi
437 612 591 675 solvendis
614 613 679 672 sive
693 611 730 670 de
743 613 880 670 mercede
902 612 1015 672 laboris
1030 613 1223 685 deducendis3
1247 635 1337 692 quarn
1353 620 1446 677 mutui
1469 621 1561 678 ratio-

228 739 296 780 nem
317 719 423 779 dicunt
450 718 515 776 sire
541 716 586 775 tlte
612 714 694 773 trualt
715 724 821 790 apaten
841 714 979 792 Anglice.
1022 715 1135 776 Notum
1157 727 1203 777 est
1224 729 1298 796 quot
1318 732 1488 797 quantaque
1510 724 1561 782 de-

227 823 367 883 trimenta
388 820 536 897 accipiant
557 837 576 877 a
598 817 730 877 cuiusvis
750 816 868 894 generis
887 817 1092 878 venditoribus
1112 819 1163 896 qui
1183 820 1215 878 in
1237 821 1413 881 aurifodinis
1430 822 1559 885 Califor-

224 924 301 985 nicis
322 922 561 999 Australicisque
589 921 627 979 ob
653 919 720 979 auri
746 936 863 978 sacram
888 920 997 979 samem
1023 921 1133 981 samem
1160 922 1300 999 sitimque
1322 932 1352 983 et
1380 927 1468 1001 siqua
1489 940 1560 987 sunt

224 1027 330 1103 peiora
350 1024 489 1084 tolerant.
525 1023 580 1082 Eis
601 1024 627 1083 ‘si
642 1029 819 1100 procurator
840 1022 949 1100 aliquis
963 1024 1153 1084 metallorum
1168 1026 1377 1085 conductionis
1399 1027 1558 1090 locationis

225 1129 323 1207 legem
343 1127 435 1187 talem
456 1125 555 1185 dicere
576 1134 690 1201 posset,
715 1126 834 1202 qualem
856 1125 965 1186 dictam
986 1127 1082 1188 fuisse
1103 1128 1241 1188 videmus
1263 1138 1332 1189 aute
1354 1131 1475 1190 saecula
1494 1132 1558 1192 fere

225 1229 431 1306 duodeviginti
460 1227 581 1287 metallo
617 1227 797 1304 Vipascensi
829 1229 861 1288 in
892 1228 1066 1302 Lusitania,
1099 1230 1137 1288 de
1169 1231 1245 1308 ipsis
1278 1231 1386 1291 melius
1419 1241 1558 1312 ageretur

225 1334 323 1411 eique,
345 1332 398 1408 qui
418 1349 517 1390 rerum
539 1329 725 1405 publicarum
747 1349 849 1390 curam
871 1342 972 1409 agunt,
995 1333 1084 1392 etiam
1098 1333 1172 1393 fisco
1193 1334 1315 1412 publico
1336 1334 1465 1394 reditum
1486 1336 1556 1395 inde

225 1442 368 1511 pararent
388 1450 449 1494 non
471 1432 710 1510 spernenduml).

1260 1539 1342 1597 Areu.
1365 1537 1511 1600 Hiiaana.

540 2243 885 2308 ADNOTATIONES
908 2245 976 2304 ΤΗ.
992 2243 1229 2309 MOMMSENI.

303 2438 352 2495 Ad
374 2454 404 2513 p.
422 2435 491 2494 171.
519 2433 646 2510 ‚Legem
669 2452 702 2492 se
724 2451 790 2493 esee
816 2434 883 2511 ipsa
909 2433 1012 2492 tabula
1038 2434 1187 2506 enuntiat3
1213 2435 1312 2510 qualis
1333 2455 1406 2494 vero
1428 2436 1479 2496 lex
1501 2439 1551 2508 sit,

218 2539 381 2618 quaeritur.
424 2536 490 2596 Lea
509 2537 631 2595 metallis
655 2538 730 2594 diota
753 2556 830 2613 quae
852 2536 1037 2613 significatur
1058 2554 1086 2594 v.
1104 2536 1154 2608 59,
1181 2537 1298 2595 abbae
1321 2539 1347 2595 si
1369 2538 1442 2614 quid
1464 2539 1550 2597 video

218 2643 339 2701 diversa
352 2648 412 2699 est:
435 2638 660 2715 primumquod
676 2657 734 2696 uno
750 2640 817 2697 loco
833 2648 960 2714 excepto
977 2637 1018 2713 (v.
1036 2637 1090 2714 51)
1105 2637 1224 2696 fodinae
1239 2655 1292 2697 eae
1307 2639 1344 2697 de
1364 2640 1473 2715 quibus
1494 2641 1550 2699 bac

217 2744 285 2822 lege
299 2745 407 2822 agituu,
429 2760 489 2801 non
504 2741 625 2800 metalla
640 2741 787 2812 dicuutur,
811 2740 864 2799 sed
879 2739 1045 2812 metullum3
1068 2739 1176 2798 deinde
1191 2740 1270 2817 quod
1285 2741 1328 2798 ita
1343 2742 1384 2800 ibi
1399 2741 1436 2801 de
1450 2744 1549 2819 puteis

217 2846 331 2907 metalli
364 2844 560 2924 Vipascensis
595 2850 730 2915 cavetur,
764 2853 798 2901 ut
829 2842 1015 2901 remittamur
1047 2840 1085 2900 ad
1117 2842 1213 2919 legem
1246 2842 1375 2902 metallis
1409 2844 1549 2904 omuibus

143 3020 145 3024 y
217 2947 296 3024 (fisci
318 2947 447 3023 scilicet)
463 2950 659 3006 communiter
673 2945 782 3005 dictam
797 2945 974 3020 metalluquc
990 2964 1027 3004 ea
1045 2945 1186 3005 universa
1204 2955 1395 3023 opponantur
1409 2946 1474 3005 liuto
1487 2967 1549 3007 cec-

217 3052 312 3128 tipali,
338 3049 369 3109 id
395 3057 443 3108 est
468 3048 590 3108 metallo
616 3047 810 3125 Vipascensi.
858 3048 1043 3106 Procurator
1069 3065 1142 3107 sane
1168 3048 1218 3106 ubi
1246 3049 1416 3106 nominatur
1441 3048 1549 3109 dicitur

217 3155 268 3231 qai
287 3152 411 3212 metallis
429 3155 558 3228 praeerit
579 3149 620 3225 (v.
638 3149 691 3224 21)
714 3149 763 3209 vel
784 3150 964 3209 ruetollorum
986 3149 1063 3225 (v.2
1088 3151 1105 3208 3
1128 3150 1169 3209 30
1192 3150 1260 3225 57);
1283 3150 1336 3210 sed
1358 3150 1433 3208 nibil
1454 3152 1548 3229 impe·

215 3254 269 3328 dit,
288 3255 447 3332 quominus
462 3255 489 3312 is
503 3252 668 3330 praefuerit
681 3251 811 3311 metallis
826 3252 973 3329 pluribus,
993 3262 1067 3329 puta
1080 3252 1118 3311 iis
1134 3272 1210 3330 quae
1225 3253 1256 3311 in
1270 3251 1430 3316 Lusitania
1444 3265 1548 3313 essent

215 3357 264 3416 vel
289 3358 322 3417 in
342 3356 494 3434 Hispania
520 3356 669 3414 universa.
713 3353 820 3431 Neque
845 3365 945 3414 autem
971 3355 1022 3412 lex
1051 3355 1125 3414 haec
1146 3354 1344 3431 proficiscitur
1365 3373 1384 3411 a
1405 3373 1548 3431 procura·

216 3469 280 3520 tore
300 3459 499 3532 metallorum,
522 3476 589 3517 cum
604 3458 821 3516 immunitatem
836 3457 1052 3534 ludimagistris
1066 3457 1116 3516 det
1134 3476 1152 3515 a
1166 3464 1360 3532 procuratore
1377 3474 1414 3515 eo
1437 3456 1479 3532 (v.
1493 3458 1547 3534 57)

214 3562 315 3639 itaque
336 3562 364 3619 is
385 3563 451 3639 ipsc
473 3580 510 3619 ea
531 3568 677 3619 teneatur.
720 3560 778 3619 Est
804 3560 896 3638 igitur
922 3561 973 3619 lex
1001 3559 1114 3619 fiscalis
1142 3559 1179 3617 ab
1207 3559 1275 3635 ipso
1298 3560 1478 3636 imperatore
1501 3568 1546 3618 ut-

213 3672 284 3742 pote
305 3663 420 3723 metalli
434 3662 630 3738 Vipascensis
652 3661 772 3720 domino
795 3663 821 3721 ci
837 3661 958 3721 metallo
980 3662 1068 3721 dicta.
1113 3661 1202 3723 Subit
1223 3671 1320 3720 autem
1344 3680 1380 3720 ea
1401 3662 1547 3738 quodam·

213 3766 304 3825 modo
329 3766 361 3824 in
386 3765 483 3824 locum
510 3765 610 3843 legum
637 3783 751 3835 earum,
781 3766 889 3838 quibus
911 3766 1134 3824 constituuntur
1156 3763 1292 3822 coloniae
1314 3765 1544 3840 municipiaque.

213 3866 321 3946 Neque
342 3868 421 3927 enim
443 3868 543 3946 agitur
564 3867 595 3923 in
617 3866 684 3942 lege
705 3865 742 3923 de
765 3866 832 3923 sola
855 3884 888 3922 re
909 3865 1088 3935 metallaria‚
1118 3882 1297 3941 quamquam
1319 3865 1492 3939 primarium
1514 3866 1544 3922 in

212 3970 280 4048 lege
306 3970 405 4028 locum
431 3970 469 4028 ab
496 3990 533 4028 ea
559 3968 687 4027 obtineri
709 3973 938 4025 consentaneum
961 3974 1015 4038 est,
1044 3966 1096 4024 sed
1123 3966 1305 4025 territorium
1328 3967 1368 4024 ibi
1391 3967 1545 4025 ordinatur

214 4072 303 4132 certis
335 4072 445 4131 finibus
478 4072 724 4146 comprehensum
761 4068 854 4143 (iutra
874 4071 947 4146 fines
977 4067 1040 4126 ui
1066 4067 1103 4125 10
1127 4066 1166 4125 58
1191 4072 1221 4126 iu
1239 4069 1347 4145 finibus
1376 4088 1400 4128 s.
1424 4073 1454 4127 ia
1471 4071 1544 4145 fines

213 4193 241 4232 v.
256 4174 297 4233 46
320 4173 374 4243 513
400 4178 430 4231 ia
455 4173 530 4248 v[ioo
557 4173 664 4231 metalli
683 4172 864 4247 l'ipascenaia
885 4171 960 4247 iace]
989 4174 1127 4230 territoria
1149 4173 1209 4229 eius
1231 4191 1258 4228 v.
1277 4170 1331 4246 37)
1359 4172 1459 4246 itaque
1481 4190 1544 4228 oni-

213 4277 285 4335 nino
316 4274 446 4354 positum
475 4283 562 4334 extra
590 4275 665 4333 fines
694 4273 877 4333 coloniarum
909 4274 1213 4350 municipiorumque3
1247 4273 1326 4350 quod
1360 4273 1542 4331 territorium

215 4395 282 4437 cum
308 4398 371 4437 rem
400 4377 549 4453 publicam
576 4397 637 4435 non
665 4376 782 4448 habeat,
810 4376 903 4435 nihilo
930 4377 1028 4435 minus
1050 4375 1270 4454 quodammodo
1292 4394 1346 4452 pro
1368 4394 1400 4432 re
1423 4375 1543 4451 publica

212 4486 268 4539 cst.
312 4479 348 4536 Id
370 4480 545 4556 praesertim
567 4479 748 4556 intellegitur
774 4498 813 4537 ex
839 4499 875 4539 eo
902 4479 982 4555 quod
1009 4478 1118 4555 legitur
1140 4498 1168 4536 v.
1186 4478 1239 4538 57:
1267 4478 1328 4535 laeli
1347 4480 1542 4553 mapiatrosa

210 4665 415 4676 ———

307 4768 330 4831 ¹)
368 4770 509 4835 Postquam
522 4771 586 4821 haec
604 4772 729 4835 impressa
748 4777 807 4821 sunt
826 4770 1037 4823 Soromenius
1055 4771 1194 4821 sciscitanti
1208 4770 1271 4820 mihi
1291 4770 1421 4835 rescripsit
1440 4770 1540 4820 lammi-

210 4875 271 4912 narn
296 4876 356 4912 casu
379 4863 510 4913 inventam
536 4878 591 4913 esse
610 4865 676 4914 inter
695 4863 843 4913 iodinarum
864 4864 1068 4929 explorationem
1096 4878 1148 4913 una
1167 4880 1225 4913 cum
1244 4864 1355 4914 nummis
1375 4868 1540 4932 reliquiisque

209 4954 379 5018 instrumenti,
408 4956 478 5021 quali
496 4971 589 5021 operae
608 4956 739 5008 Romanos
758 4972 819 5007 usos
838 4971 893 5005 esse
912 4957 1045 5020 probabile
1066 4957 1112 5018 sit;
1137 4972 1256 5007 nummos
1280 4959 1420 5010 maximam
1440 4966 1538 5025 purtem

208 5046 321 5112 Augusti
347 5063 411 5110 esse,
435 5049 549 5114 reliquos
572 5064 652 5114 usque
676 5050 709 5098 ad
729 5050 871 5100 Arcadium
896 5050 1032 5114 pertinere.
1072 5049 1145 5110 Quae
1171 5051 1259 5101 omnia
1281 5066 1339 5100 cum
1363 5052 1389 5100 in
1414 5049 1540 5117 Aljaarel

208 5138 293 5190 adhuc
313 5146 483 5203 servarentur,
503 5140 619 5191 nondum
638 5143 782 5194 accuratius
801 5158 828 5192 sa
848 5143 1020 5192 examinasse.
