3510 5812
613 517 688 567 sax
713 516 881 567 usuam
907 515 1157 567 vrrssosnsm.
1475 498 1544 568 177

220 697 279 764 tur,
302 691 499 769 probavitque
520 691 597 748 hanc
623 710 719 749 meam
747 691 947 749 coniecturam
968 688 1224 761 Buechelcrus,
1247 690 1297 765 qui
1320 709 1336 747 o
1357 689 1431 747 illud
1452 708 1507 767 pro
1528 710 1548 747 a

220 794 351 871 positum
373 812 411 851 ex
434 811 515 851 more
531 794 655 869 antiquo
676 792 869 868 repetendum
891 791 1019 868 putavit,
1041 810 1155 850 memor
1177 792 1290 850 scilieet
1311 792 1475 851 formarum
1497 811 1547 849 ve·

218 903 369 954 tustarum
389 896 497 972 quales
520 906 591 954 sunt
604 899 734 954 ncubare
748 898 833 954 cacia
852 896 985 971 poplicus
1000 912 1101 952 rorare
1123 904 1152 952 et
1174 895 1326 968 similium,
1350 914 1425 971 quae
1448 905 1546 952 tamen

221 997 324 1075 aliquo
346 997 435 1057 modo
457 998 592 1057 diversae
614 1008 693 1056 eunt.
736 998 809 1055 Alia
830 1007 908 1055 certe
930 997 1093 1071 explicatio
1116 1016 1174 1055 nou
1201 997 1341 1074 suppetit.

304 1101 332 1158 Α
353 1101 450 1175 pretio
473 1120 527 1176 pro
550 1100 666 1159 balneis
689 1100 832 1159 solvendo
854 1099 1044 1175 excipiuntur
1065 1100 1161 1158 liberti
1185 1099 1226 1173 (v.
1244 1097 1299 1174 23)
1321 1109 1350 1157 et
1372 1101 1451 1158 servi
1473 1097 1547 1158 Cae-

221 1201 299 1261 saris
322 1202 362 1278 (si
384 1211 465 1262 recte
487 1204 543 1261 hoc
566 1203 797 1280 supplevimus),
827 1202 877 1278 qui
903 1203 934 1260 iu
962 1202 1061 1259 officio
1090 1201 1292 1278 procuratoris
1315 1210 1394 1273 sunt,
1423 1211 1455 1260 ut
1476 1220 1546 1259 con·

221 1312 396 1363 sentuosum
419 1313 478 1377 eet;
505 1305 532 1363 si
559 1305 735 1383 supplemus
761 1307 865 1381 quique
883 1322 966 1380 proc.
989 1307 1019 1361 ia
1041 1305 1132 1380 officia
1154 1315 1235 1362 eram
1256 1321 1420 1379 servosque
1436 1301 1546 1362 Caesa·

218 1407 263 1465 ris
284 1406 401 1466 abillis
422 1406 644 1484 distinguimus,
670 1408 846 1466 heneficium
867 1407 968 1465 balnei
989 1406 1112 1483 gratuiti
1132 1405 1256 1464 nimium
1278 1405 1394 1464 videtur
1415 1405 1545 1464 extendi.

223 1506 284 1581 Qui
296 1510 453 1568 commoda
466 1510 633 1587 percipiunt
644 1511 670 1567 ei
687 1527 792 1568 omnes
808 1520 886 1580 sunt,
898 1510 1006 1585 quibus
1021 1508 1133 1567 salaria
1146 1509 1345 1566 honorariave
1360 1509 1518 1566 solvuntur
1528 1527 1547 1564 a

219 1619 422 1687 procuratore.
466 1610 571 1671 Gratis
593 1622 748 1690 praeterea
769 1612 871 1670 lavant
891 1612 1071 1686 impuberes,
1093 1628 1176 1668 more
1196 1612 1267 1669 item
1282 1611 1385 1668 urhIco
1408 1610 1472 1668 sive
1493 1629 1545 1684 po·

217 1713 282 1771 tius
303 1714 476 1788 universali,
503 1733 589 1790 quem
617 1733 656 1774 ex
678 1713 829 1773 Iuvenalis
850 1714 999 1772 versiculo
1021 1713 1149 1788 quodam
1173 1713 1328 1772 notissimo
1355 1714 1414 1771 iam
1437 1730 1547 1787 cogno-

219 1815 317 1875 vimus
338 1815 409 1891 (sat.
431 1817 464 1875 II
489 1815 546 1876 152
568 1836 618 1876 aec
632 1822 720 1893 pueri
739 1819 856 1877 aedunt
873 1820 932 1875 siai
948 1816 1135 1892 qainondam
1157 1834 1223 1873 aare
1238 1815 1396 1891 lavantur),
1419 1814 1546 1890 denique

218 1918 341 1977 milites.
383 1917 501 1978 Habuit
522 1920 613 1996 igitur
634 1920 722 1979 etiam
738 1906 873 1978 militiar'n
897 1920 1028 1995 aliquam
1049 1919 1080 1977 in
1102 1918 1230 1977 metallis
1253 1919 1292 1975 ad
1313 1935 1418 1976 manus
1441 1936 1545 1992 procu·

217 2028 311 2092 rator,
333 2021 359 2080 si
381 2028 492 2081 certam
514 2041 580 2081 eum
603 2022 633 2080 iu
654 2022 712 2080 hac
734 2022 922 2080 metallorum
944 2022 1064 2097 regione
1087 2020 1186 2078 sedem
1210 2020 1353 2079 habuisse
1376 2021 1545 2079 statuimus.

217 2121 336 2182 Tamen
361 2123 474 2182 nullam
500 2123 542 2181 ibi
570 2124 601 2183 in
628 2125 736 2183 castris
763 2124 857 2183 fuisse
886 2124 1035 2201 legionem
1058 2123 1209 2181 cohortem
1239 2122 1317 2181 alam
1340 2132 1466 2182 constat.
1512 2121 1546 2182 si

217 2235 395 2303 procurator
415 2226 447 2285 in
465 2227 543 2285 hanc
558 2228 746 2285 metallorum
768 2226 930 2303 regionem,
953 2226 1033 2302 quod
1055 2244 1149 2301 aeque
1171 2225 1240 2283 licet
1263 2243 1388 2297 sumere,
1410 2245 1450 2282 ex
1472 2233 1545 2284 tem·

217 2346 291 2404 porc
312 2337 426 2387 tantum
449 2328 635 2401 devertebat,
662 2329 758 2406 potuit
784 2349 823 2387 ex
845 2329 963 2387 colonia
984 2329 1086 2404 aIIqua
1108 2328 1222 2400 vicina,
1250 2328 1280 2384 in
1303 2347 1364 2404 qua
1385 2328 1546 2387 tendebant

216 2429 342 2503 milites,
372 2450 526 2491 numerum
560 2451 662 2491 eorum
697 2450 797 2491 secum
825 2432 942 2490 ducere.
986 2430 1022 2489 ln
1049 2430 1175 2488 colonita
1205 2431 1294 2489 etiam
1321 2431 1457 2489 militiam
1491 2431 1544 2488 ali-

216 2548 307 2608 quam
328 2534 538 2611 municipalem
560 2535 655 2594 fulsse
678 2555 694 2593 e
716 2534 782 2610 lege
805 2532 972 2593 Ursonensi
995 2532 1167 2604 didicimus;
1194 2533 1230 2590 dc
1253 2550 1288 2591 ca
1310 2545 1409 2591 autem
1432 2534 1480 2591 hic
1502 2535 1544 2591 vi·

216 2634 305 2694 detur
325 2636 377 2694 vix
399 2637 526 2712 cogitari
547 2654 647 2714 posse.

302 2735 487 2798 Conductori
514 2740 714 2798 iustrumenta
739 2739 849 2798 balinei
876 2740 918 2815 (ei
949 2750 1027 2798 recte
1059 2738 1264 2817 supplevimus
1289 2757 1317 2796 v.
1343 2737 1397 2814 24)
1425 2738 1544 2815 allaque

216 2839 428 2920 adsignantur3
451 2861 487 2899 ea
503 2843 689 2901 conductione
706 2853 829 2919 peracta
850 2842 1017 2918 (sollemnIs
1036 2843 1110 2900 haec
1125 2841 1242 2899 videtur
1264 2857 1332 2898 esse
1352 2839 1478 2916 locutio)
1499 2842 1543 2899 in-

215 2951 302 3020 tegra
329 2944 485 3002 restituere
510 2945 629 3003 iubetur
655 2946 789 3021 exceptis
815 2964 891 3020 quae
913 2951 1063 3003 vetustate
1090 2954 1229 3019 conupta
1254 2951 1350 3002 erunt.
1395 2942 1544 3003 Secuntur

215 3045 371 3104 cardones
391 3047 491 3106 variae
513 3048 621 3124 quibus
641 3048 712 3123 quid
735 3047 897 3106 conductor
912 3048 1030 3107 balineo
1052 3053 1207 3123 praestare
1226 3046 1334 3104 debeat
1354 3046 1462 3147 qqidve
1483 3065 1542 3103 non

215 3146 322 3207 debeat
341 3149 509 3207 accuratius
523 3149 672 3208 definitur.
718 3148 930 3224 Quaecumque
946 3149 1108 3207 conductor
1130 3148 1172 3223 (v.
1190 3147 1243 3224 27>
1264 3148 1296 3205 in
1318 3149 1390 3206 haec
1406 3148 1492 3224 (puto
1511 3150 1543 3207 in

138 3284 149 3307 .
200 3249 314 3308 'ahena
333 3251 454 3328 aliaque
475 3251 675 3311 instrumenta
694 3252 817 3326 balinei)
841 3252 1020 3326 impenderit
1039 3250 1148 3327 quidve
1167 3250 1272 3309 fecerit
1293 3259 1448 3324 praeterea
1469 3252 1542 3309 bali-

216 3350 265 3409 nei
291 3352 448 3412 exercendi
479 3371 582 3425 causa,
608 3372 644 3411 ea
670 3354 771 3411 omnia
798 3353 836 3411 de
862 3371 917 3411 suo
939 3363 1093 3430 praestare
1119 3370 1215 3428 neque
1236 3352 1398 3428 quidquam
1421 3372 1476 3429 pro
1498 3355 1542 3412 eis

215 3462 365 3530 reputare,
391 3455 422 3513 id
449 3462 495 3514 est
520 3455 557 3514 de
584 3473 701 3515 summa
721 3455 877 3532 vectIgalis
904 3455 1060 3514 detrahere
1086 3454 1211 3514 debebit.
1256 3453 1368 3513 Verum
1395 3456 1543 3514 tamensi

214 3572 275 3615 non
296 3574 352 3616 sua
376 3557 465 3633 culpa
487 3559 528 3633 (v.
545 3556 599 3634 26)
624 3558 787 3617 conductor
813 3577 866 3633 per
893 3557 1014 3635 aliquod
1040 3566 1157 3633 tempus
1184 3556 1334 3615 balineum
1357 3566 1436 3616 recte
1458 3576 1542 3636 prae·

215 3666 295 3717 stare
316 3677 378 3717 non
399 3661 505 3736 potuit,
531 3678 586 3734 pro
612 3670 679 3720 rata
705 3662 768 3719 eius
796 3663 938 3736 temporis
961 3674 1071 3719 certam
1097 3678 1241 3719 summam
1265 3658 1301 3717 de
1324 3661 1468 3735 pensione
1490 3681 1542 3719 an·

213 3778 275 3818 nus
295 3761 451 3840 vectigalis
474 3774 622 3839 reputare,
650 3764 681 3821 id
707 3773 754 3821 est
775 3763 940 3833 detrahere,
963 3763 1051 3820 dehet
1075 3763 1139 3820 sive
1161 3761 1260 3837 potius
1283 3770 1382 3836 potest
1403 3771 1456 3820 aut
1477 3782 1543 3838 per·

213 3861 349 3921 mittitur.
392 3860 499 3938 Neque
522 3883 592 3923 vero
615 3865 796 3923 haerendum
818 3865 849 3922 in
872 3850 999 3922 debendi
1017 3863 1180 3933 vocabulo;
1202 3881 1271 3920 nam
1294 3863 1375 3938 quod
1396 3863 1466 3921 licet
1486 3864 1542 3922 ali-

213 3963 261 4022 cui
287 3964 393 4038 lacere,
421 3965 452 4024 id
479 3967 569 4025 etiarn
595 3967 693 4025 lacera
721 3965 828 4025 debere
860 3966 886 4024 is
912 3965 970 4023 dici
1001 3973 1101 4041 potest
1127 3982 1188 4022 non
1214 3963 1323 4039 inepte.
1370 3963 1542 4041 Reputaudi

213 4073 312 4126 autem
334 4067 512 4127 vocabulum
539 4088 575 4127 ea
600 4086 660 4144 qua
686 4069 735 4126 hic
761 4068 883 4126 notione
911 4066 1110 4144 computando
1137 4066 1279 4143 opposita
1305 4067 1394 4124 etiarn
1421 4087 1440 4124 a
1466 4068 1540 4126 iuris

212 4168 311 4227 civilis
333 4170 505 4229 auctoribus
527 4171 730 4247 usurpatur1).
775 4171 849 4229 Eam
873 4181 971 4230 autem
992 4170 1055 4228 fere
1079 4169 1173 4227 fuisse
1195 4170 1372 4228 sententiam
1395 4170 1540 4228 enuntiati

212 4271 309 4330 mutili
337 4272 527 4331 manifestum
558 4281 612 4345 cst,
645 4273 681 4331 de
711 4274 810 4333 verbis
842 4274 918 4351 ipsis
952 4284 1033 4333 certo
1063 4273 1152 4331 modo
1185 4273 1395 4349 recuperandis
1425 4272 1541 4330 videtur

211 4372 431 4450 desperandum
468 4392 545 4434 esse.
625 4373 710 4448 Quae
747 4384 968 4454 proposuerunt
1007 4376 1247 4435 Mommsenus
1291 4374 1540 4433 Buechelerus

210 4472 489 4535 Hirschfeldius
527 4476 592 4553 (qui
626 4486 694 4553 apte
727 4497 901 4556 comparare
934 4479 1017 4537 iuhet
1055 4478 1093 4536 ad
1126 4476 1362 4553 supplementum
1392 4476 1429 4534 ab
1473 4476 1539 4552 ipso

210 4579 398 4655 propositum
424 4579 523 4639 locum
548 4579 607 4656 dig.
630 4579 738 4639 XVIII
758 4580 821 4654 6‚2
845 4581 894 4657 §1
919 4582 1056 4656 aliosque
1077 4578 1219 4636 librorum
1242 4579 1316 4637 iuris
1337 4579 1435 4636 civilis
1458 4579 1540 4637 simi·

209 4679 283 4756 les),
306 4680 342 4738 de
369 4691 443 4756 quot
469 4683 628 4760 supplendi
654 4682 753 4742 modis
779 4683 870 4741 variis
899 4682 1026 4762 cogitari
1048 4681 1147 4758 possit
1167 4680 1308 4740 indicant.
1353 4680 1415 4740 Vix
1441 4690 1539 4739 autem

209 4798 301 4841 causa
331 4785 545 4859 prohibitionis
579 4787 611 4844 in
646 4787 731 4846 iussu
765 4786 898 4863 quodam
930 4785 1026 4864 ipsius
1055 4783 1259 4861 procuratoris
1287 4784 1390 4860 quaeri
1419 4785 1538 4861 poterit.

208 4882 302 4945 Recte
329 4887 407 4946 enim
430 4887 670 4947 Mommsenus
692 4889 864 4949 observavit
885 4908 944 4949 non
967 4889 1054 4948 facile
1076 4903 1196 4944 causam
1219 4885 1352 4962 ailquam
1374 4886 1538 4963 excogitari

284 5197 311 5265 ¹)
348 5202 416 5254 Vide
435 5202 594 5254 Dirkseni
615 5206 734 5256 manuale
752 5207 899 5257 Latinitatis
917 5206 1027 5256 fontium
1047 5207 1110 5257 iuris
1130 5210 1211 5259 civIlis
1231 5208 1407 5259 Romanorum
1427 5221 1448 5255 s.
1468 5222 1490 5254 v.
