3510 5812
401 1876 483 1986 llll
522 1871 794 1987 HISPANO
834 1871 1120 1994 tuuluvu.

751 2110 838 2119 -.-..-

93 2192 254 2331 Antiqui
277 2274 364 2329 quem
388 2254 466 2311 dixit
487 2253 668 2313 Huebnerus
690 2256 917 2334 inscriptionum
935 2255 1139 2332 Hispanarum
1162 2259 1294 2313 auctoris
1317 2272 1428 2313 novum

94 2357 264 2430 exemplum
287 2374 382 2430 nuper
403 2355 434 2410 in
457 2354 550 2411 lucem
575 2357 723 2431 prolatum
745 2366 800 2427 est,
828 2359 922 2416 codex
952 2358 1065 2415 scilicet
1088 2375 1165 2414 saec.
1188 2355 1265 2413 XVI
1287 2357 1428 2426 ineuntis,

95 2458 146 2531 qui
170 2456 226 2513 suit
247 2455 319 2513 olim
342 2455 475 2513 familiae
499 2455 654 2515 Filonardi
678 2459 708 2515 in
730 2459 841 2534 oppido
865 2458 968 2515 Bauco
991 2476 1084 2535 prope
1106 2457 1322 2528 musmonem,
1350 2476 1429 2515 anno

96 2557 175 2616 1873
199 2556 313 2615 Romae
336 2578 355 2616 a
377 2556 577 2616 Constantino
600 2557 766 2617 Corvisieri
788 2559 947 2633 emptionis
970 2560 1034 2617 iure
1056 2568 1247 2633 comparatus
1274 2566 1304 2615 et
1325 2558 1428 2616 illatus

94 2659 124 2716 iu
151 2659 362 2718 bibliothecam
389 2661 503 2736 regiam
530 2660 755 2719 Berolinensem
784 2660 868 2737 (pict.
895 2663 924 2718 Α
947 2661 984 2718 61
1009 2660 1054 2736 p).
1103 2659 1221 2717 Habuit
1246 2658 1427 2717 Huebnerus

95 2779 154 2836 quo
175 2772 310 2838 tempore
332 2760 499 2837 Hispanico
520 2761 623 2834 edidit,
650 2764 715 2820 eius
742 2762 853 2821 codicis
882 2762 1018 2820 notitiam
1044 2762 1177 2837 aliquam
1207 2761 1367 2838 specimine
1390 2763 1427 2819 ab

94 2862 238 2922 Henzeno
266 2863 322 2920 sibi
349 2864 529 2921 transmisso
554 2863 595 2937 (v.
619 2864 699 2940 apud
721 2862 846 2921 eundem
870 2882 898 2938 p.
916 2862 983 2940 Vl),
1007 2864 1058 2924 sed
1081 2883 1157 2940 qnae
1185 2863 1223 2921 ad
1246 2864 1428 2939 exemplaris

95 2966 183 3024 buius
206 2964 362 3022 utilitatem
391 2965 621 3041 intellegendum
645 2984 703 3023 non
731 2965 890 3023 sufficeret.
934 2965 968 3023 ln
991 2965 1049 3024 hoc
1070 2968 1198 3042 Antiqui
1226 2966 1363 3024 collectio
1385 2967 1428 3022 in-

95 3079 178 3144 tegro
199 3074 298 3125 exstat
319 3067 494 3125 intermixta
521 3067 647 3144 syllogis
670 3067 756 3125 Italis
784 3068 849 3125 eius
878 3068 985 3125 aetatis
1009 3069 1193 3146 vulgaribus.
1239 3065 1307 3140 Quo
1329 3086 1429 3126 exem·

95 3171 147 3247 plo
174 3188 241 3226 cum
268 3170 422 3228 nonnullis
451 3171 482 3228 in
509 3170 597 3229 rebus
626 3171 686 3242 eis,
715 3188 791 3245 quae
819 3169 918 3228 adhuc
944 3170 981 3227 de
1008 3178 1131 3229 auctore
1157 3172 1217 3229 isto
1244 3179 1316 3228 nota
1341 3169 1429 3228 nobis

96 3280 191 3343 erant,
214 3272 423 3349 supplementa
444 3290 503 3330 non
526 3271 603 3329 levia
624 3279 806 3343 accrescant,
829 3273 994 3348 poterimus
1016 3271 1076 3330 iam
1092 3292 1127 3331 eo
1150 3272 1303 3344 accedere,
1328 3281 1360 3330 ut
1381 3291 1429 3330 ar-

97 3374 220 3450 chetypi
247 3374 390 3451 deperditi
417 3375 577 3452 imaginem
604 3374 797 3433 restituamus
823 3374 939 3432 ratione
966 3392 1026 3432 non
1049 3375 1131 3433 omni
1158 3393 1197 3432 ex
1226 3383 1310 3450 parte
1339 3384 1430 3445 certa,

95 3476 127 3534 iu
149 3476 301 3552 plerisque
324 3485 425 3535 tamen
446 3476 519 3535 satis
542 3478 637 3535 firma.

179 3578 328 3655 Exempla
349 3590 459 3651 antem,
481 3579 591 3654 quibus
615 3597 686 3638 usus
709 3597 784 3649 sum,
807 3579 880 3637 haec
903 3585 985 3638 sunt:

179 3680 203 3738 1.
247 3678 353 3740 Codex
377 3681 557 3740 Mutinensis
579 3681 651 3739 bibl.
675 3681 741 3739 Pal.
758 3680 805 3738 VI
827 3680 852 3738 F
876 3679 915 3739 28
940 3681 1070 3756 scriptus
1093 3683 1217 3742 a.1503
1241 3683 1329 3741 iussu
1350 3683 1430 3741 Mar·

96 3781 150 3841 tini
173 3782 209 3840 de
232 3780 364 3855 Sinuare,
388 3783 424 3842 de
447 3803 507 3860 quo
530 3782 606 3841 dixit
628 3782 808 3841 Huebnerus
835 3782 867 3841 0.
891 3783 916 3839 Ι.
939 3782 969 3839 ll
991 3802 1019 3859 p.
1035 3783 1095 3842 Vl:
1123 3784 1188 3843 eins
1212 3784 1278 3842 libri
1302 3802 1428 3861 apogra-

96 3885 186 3960 phum
211 3885 247 3942 ab
264 3885 410 3943 Henneno
427 3885 580 3944 Huebneri
603 3886 632 3942 in
656 3902 742 3943 usum
765 3885 929 3943 conlectum
951 3893 1071 3960 praesto
1087 3886 1158 3943 mihi
1181 3886 1246 3945 fuit.
1291 3885 1431 3959 Hispana

95 3985 235 4062 leguntur
256 3986 276 4045 s.
295 3982 449 4058 83‘-93‘;
479 4005 607 4062 quorum
628 3987 702 4044 ordo
725 3986 879 4062 archetypi
901 3997 974 4063 puto
997 3986 1078 4046 soliis
1100 3987 1292 4062 transpositis
1315 3997 1430 4063 pertur-

95 4089 184 4146 batus
200 4099 256 4159 est,
271 4106 358 4163 quem
375 4090 564 4147 restituemus
586 4086 606 4145 f.
624 4083 762 4147 88‘-93'
777 4088 932 4147 collocatis
955 4096 1023 4148 ante
1045 4089 1062 4146 l.
1080 4089 1129 4148 85.
1174 4087 1316 4147 Continet
1330 4098 1428 4146 autern

95 4188 170 4248 liber
192 4189 306 4250 Siederi
322 4190 577 4250 Tarraconensem
600 4191 693 4249 totius
717 4190 901 4250 collectionis
923 4203 1039 4269 partem
1062 4192 1174 4249 solam:
1197 4209 1286 4266 quam
1309 4190 1431 4248 exhibet

96 4301 126 4349 et
148 4292 320 4367 plenissime
343 4302 373 4352 et
394 4295 514 4370 optime.
560 4293 667 4352 Cetera
682 4313 753 4352 vero
777 4294 915 4372 exempla
937 4312 975 4353 ex
995 4293 1145 4353 communi
1165 4311 1260 4370 eoque
1283 4293 1430 4351 deteriore

96 4393 177 4451 sonte
200 4395 347 4470 proficisci
370 4397 471 4455 multis
494 4396 567 4455 locis
591 4396 770 4468 ostenditur,
791 4397 841 4455 ubi
863 4397 946 4468 vitia,
975 4415 1052 4474 qnae
1079 4401 1110 4454 in
1136 4395 1198 4455 illis
1221 4396 1360 4454 omnibus
1383 4414 1429 4453 re-

97 4495 199 4568 deunt,
221 4515 239 4554 a
262 4497 329 4555 eolo
353 4494 467 4558 Siederi
490 4499 566 4557 libro
589 4499 706 4557 absunt.
750 4498 879 4574 Excipio
897 4499 1059 4574 lipianum,
1084 4497 1167 4557 cuius
1190 4499 1221 4556 in
1244 4497 1429 4556 collectionis

97 4597 182 4656 initio
206 4599 268 4674 (pl
292 4599 393 4676 -tt)
409 4601 614 4678 Hispanorum
631 4602 756 4676 Antiqui
779 4600 1007 4677 inscriptionum
1031 4601 1123 4660 series
1145 4600 1246 4679 posita
1267 4608 1326 4658 est:
1349 4599 1429 4675 quod

96 4701 268 4776 exemplum
291 4703 481 4762 manifestum
504 4713 549 4763 est
571 4705 675 4763 eodem
698 4723 714 4761 e
736 4703 828 4775 sonte,
857 4703 935 4762 unde
957 4703 1067 4781 pendet
1089 4701 1242 4776 Siederus,
1270 4702 1428 4777 proticisci.

97 4801 175 4859 Nam
198 4814 316 4878 praeter
332 4804 472 4864 Baeticos
495 4806 599 4864 titulos
622 4806 832 4881 paucissimos,
854 4806 905 4882 qni
927 4808 957 4864 in
975 4807 1032 4865 fine
1052 4805 1144 4864 additi
1169 4812 1248 4874 sunt,
1270 4803 1343 4861 nihil
1361 4822 1430 4861 con-

97 4907 170 4961 tinet
193 4904 250 4962 nisi
274 4906 377 4964 titulos
393 4907 649 4980 Tarraconenses,
673 4916 703 4966 ct
724 4927 802 4984 quae
826 4909 888 4966 dixi
911 4910 947 4967 de
963 4907 1066 4966 ordine
1090 4907 1168 4984 apud
1185 4905 1338 4966 Siedorum
1362 4924 1429 4980 per-

66 5035 70 5043 ·
96 5006 225 5077 turbato,
255 5007 358 5066 eudem
387 5011 476 5067 etium
505 5010 533 5066 in
561 5010 710 5085 Apianum
737 5010 856 5069 cadunt.
901 5008 1039 5069 Ceterum
1068 5009 1220 5084 Apianus,
1247 5025 1428 5083 quamquam

68 5102 71 5107 ’
97 5126 163 5164 eum
188 5127 247 5166 non
270 5130 307 5167 cx
331 5110 397 5184 ipso
414 5108 527 5170 Siederi
551 5111 652 5170 codice
675 5130 729 5170 suu
744 5111 885 5172 habuisse
902 5119 1028 5184 constat,
1052 5111 1139 5187 plane
1155 5109 1232 5169 abici
1248 5127 1337 5186 posse
1357 5109 1430 5167 mihi

96 5208 181 5269 risus
204 5219 258 5269 est.
