3510 5812
743 437 793 487 oa
812 437 941 490 sacrus
961 438 1053 491 orrs.
1511 424 1555 493 71

227 611 406 689 quibusdam
429 620 614 687 contempto:
643 611 720 670 hanc
749 612 846 689 ipsam
869 614 972 672 aedem
999 630 1064 673 esse
1087 614 1261 692 Apollinem
1283 611 1444 674 Sosianum
1465 617 1558 676 Plinii

227 713 292 788 (13,
310 714 359 774 35.
384 713 502 788 36,18)
525 713 596 771 item
619 720 738 772 constat
759 714 892 789 (Becker
913 716 1013 773 adnot.
1033 714 1136 791 1274).
1180 716 1237 774 fuit
1259 719 1301 776 ad
1322 719 1459 776 theatrum
1474 719 1558 779 Mar-

227 817 292 876 celli
314 825 388 875 teste
404 817 478 874 Arr.
501 816 644 874 hemerol.
660 816 697 874 ad
720 815 803 874 (123
822 814 902 892 Sept.
926 825 956 875 et
980 820 1116 895 Augusto
1139 836 1218 877 mon.
1235 819 1312 878 Aac.
1328 821 1357 891 4,
1371 818 1419 878 22.
1465 840 1558 897 quare

225 918 361 994 quadiu
384 917 526 976 hemerol.
549 915 623 975 Urb.
647 917 736 975 add.
759 919 816 976 inc.
841 920 1004 995 ascriptum
1027 931 1074 980 est
1087 920 1222 996 Apollini
1238 919 1396 996 Laton(ae)
1419 925 1461 981 ad
1481 925 1556 983 thea-

225 1019 328 1095 taam)
350 1018 515 1095 Marc(elli)
538 1037 611 1077 sane
633 1020 760 1095 pertinet
782 1021 819 1078 ad
841 1021 944 1079 aedem
967 1023 1106 1081 eandem:
1137 1023 1190 1080 scd
1217 1040 1314 1099 neque
1336 1023 1394 1082 hoc
1416 1025 1481 1084 loco
1503 1045 1556 1084 no-

224 1140 294 1180 men
317 1121 402 1180 aedis
425 1122 504 1181 binis
526 1122 695 1181 nominibus
717 1122 902 1199 significatur
923 1142 1019 1200 neque
1042 1143 1165 1201 usquam
1188 1124 1268 1183 alibi.

309 1223 337 1283 4.
385 1223 507 1282 Telluris
534 1224 676 1299 templum
705 1223 820 1299 (votum
848 1246 874 1283 a.
899 1227 958 1285 486
987 1227 1156 1286 dedicatum
1185 1245 1213 1285 a.
1235 1225 1307 1302 inc.)
1334 1227 1401 1286 ideo
1428 1247 1554 1288 comme·

224 1344 309 1385 moro
332 1327 413 1401 quod
435 1327 466 1385 in
488 1326 692 1404 hemerologio
714 1325 823 1384 Praen.
847 1328 885 1385 ad
909 1328 937 1386 d.
963 1330 998 1385 13
1023 1328 1095 1387 Dec.
1119 1339 1241 1407 putatur
1268 1328 1432 1406 ascriptum
1460 1331 1554 1391 fuisse

222 1428 349 1509 [Telluri
371 1438 399 1485 st
423 1426 551 1503 Cere]ri:
572 1427 653 1504 qnod
675 1428 702 1486 si
723 1428 780 1485 luit
801 1427 939 1504 (astura
962 1441 1009 1488 est
1031 1431 1060 1489 in
1076 1433 1194 1507 Amin),
1217 1439 1316 1490 tamen
1339 1431 1376 1489 de
1398 1433 1481 1492 aedis
1502 1453 1553 1491 no·

223 1530 303 1588 mine
326 1529 401 1589 nihil
423 1528 492 1588 inde
514 1529 649 1589 efficitur.
697 1530 820 1589 Telluris
842 1531 947 1590 aedem
969 1533 1124 1592 nominant
1149 1543 1242 1593 testes
1270 1550 1383 1591 omnes.
1427 1553 1485 1592 non
1512 1535 1554 1593 in-

222 1632 344 1709 dignum
366 1632 553 1708 quaestione,
577 1650 615 1690 an
637 1632 734 1691 forma
748 1631 922 1708 Capitolina
943 1642 1041 1693 aetate
1056 1632 1158 1695 Severi
1180 1636 1275 1695 incisa
1296 1643 1427 1695 veterem
1450 1638 1552 1696 aedem

223 1733 355 1793 Telluris
378 1733 456 1792 binis
472 1733 606 1792 Telluris
628 1744 658 1792 et
673 1731 793 1794 Cereris
816 1735 946 1794 cessisse
967 1736 1140 1796 doceamur:
1165 1749 1209 1796 est
1230 1737 1271 1796 ibi
1293 1742 1324 1795 in
1339 1738 1478 1814 Tel[lara]
1500 1758 1552 1797 no·

222 1855 291 1894 men
313 1837 441 1913 plateae,
464 1836 550 1903 iuxta
570 1838 654 1894 aedes
677 1837 838 1913 ascriptum
859 1837 995 1896 binarum
1015 1840 1132 1898 aedium
1155 1840 1388 1918 ichnographiis.
1432 1842 1553 1902 nomina

220 1958 322 1998 sarum
338 1940 523 2018 ignorantur.
552 1938 606 1997 sed
621 1939 710 1997 omisi
726 1940 927 1998 coniecturam
942 1941 1020 2000 hanc
1035 1943 1065 2000 in
1081 1961 1147 2000 mea
1163 1942 1293 2000 editione
1308 1950 1413 2019 estque
1428 1943 1550 2003 incerta.

304 2041 332 2099 5.
377 2042 484 2101 Rornae
507 2051 531 2099 et
552 2041 665 2100 Veneris
693 2041 837 2119 templum
866 2044 903 2101 ab
926 2042 1081 2102 Hadriano
1109 2045 1221 2103 facturn
1244 2063 1302 2102 non
1325 2054 1385 2103 tam
1408 2045 1550 2122 templum

220 2163 312 2202 unum
334 2143 400 2214 fuit,
422 2161 511 2220 quam
535 2142 670 2201 binorum
687 2145 838 2222 copulatio
861 2164 897 2203 ne
921 2165 980 2204 una
999 2147 1118 2221 quidem
1140 2146 1238 2205 fronte
1261 2148 1451 2205 sociaturum.
1495 2148 1551 2205 hu-

217 2246 266 2304 ius
297 2246 400 2324 templi
428 2246 571 2323 geminati
599 2246 712 2304 nomini
740 2246 858 2305 saeculo
886 2257 992 2323 quarto
1019 2247 1212 2308 substitutum
1240 2259 1287 2307 est
1313 2250 1432 2308 brevius
1454 2250 1551 2327 templi

224 2348 319 2420 Urbis,
342 2349 453 2424 quade
476 2366 508 2406 re
530 2347 667 2423 pluribus
689 2347 720 2406 in
743 2349 873 2407 editione
894 2350 1008 2408 formae
1025 2348 1215 2427 Capitolinae
1231 2350 1392 2426 disputavi.
1436 2370 1485 2411 res
1503 2361 1550 2412 est

218 2449 380 2526 singularis
403 2462 493 2527 atque
516 2468 535 2507 a
556 2458 688 2508 veterum
711 2449 888 2528 religionum
911 2472 1017 2510 norma
1038 2455 1211 2512 abhorrens.

302 2553 330 2610 6.
374 2553 516 2610 Diuorum
538 2555 741 2627 imperatorum
768 2553 879 2629 templa
907 2555 1015 2630 partim
1038 2554 1075 2611 ad
1099 2555 1180 2630 leges
1207 2555 1370 2629 patriorum
1394 2574 1548 2615 sacrorum

217 2655 327 2729 partim
349 2673 388 2712 ex
410 2655 555 2713 institutis
573 2652 766 2713 Graecanicis
790 2664 887 2713 erecta
910 2665 988 2714 sunt.
1005 2689 1042 2698 -
1059 2655 1252 2716 Domitianus
1274 2656 1344 2715 divo
1359 2656 1547 2735 Vespasiano

217 2757 362 2834 templum
384 2757 455 2816 fecit
469 2756 507 2814 ad
530 2756 625 2815 forum
649 2758 733 2815 cuius
749 2776 826 2815 nunc
848 2767 1010 2833 supersunt
1032 2765 1092 2816 tres
1110 2757 1275 2817 columnae.
1319 2759 1387 2817 aedi
1402 2779 1421 2817 a
1436 2758 1547 2820 Severo

216 2867 246 2918 et
267 2859 422 2918 Antonino
445 2859 600 2919 restitutae
622 2859 798 2937 inscriptum
820 2860 876 2918 suit
897 2862 961 2918 divo
981 2861 1158 2937 Vespasiano
1179 2859 1310 2935 Augusto
1333 2880 1356 2919 s.
1369 2881 1401 2937 p.
1418 2881 1479 2938 pr
1499 2880 1546 2920 ce-

214 2970 287 3021 tera.
304 2994 345 3004 -
361 2973 393 3020 at
421 2961 451 3019 in
478 2962 614 3039 catalogo
643 2981 765 3038 operum
791 2961 1030 3021 Domitianornm
1054 2972 1144 3039 atque
1164 2963 1196 3020 in
1217 2960 1337 3022 Notitia
1358 2963 1546 3042 dignitatum,

213 3064 299 3124 libris
321 3064 442 3123 saeculo
469 3073 577 3140 quarto
607 3065 737 3140 scriptis,
765 3074 891 3122 vocatur
916 3065 1048 3141 templum
1068 3064 1239 3140 Vespasiani
1265 3075 1292 3125 et
1315 3064 1374 3123 Titi
1395 3065 1494 3140 (solus
1516 3069 1545 3124 A

214 3165 350 3227 Notitiae
376 3186 434 3225 om.
459 3176 484 3224 et
508 3165 589 3242 Titi).
627 3166 779 3224 dubitatur
800 3185 839 3224 an
861 3168 900 3224 ad
921 3167 978 3225 boc
999 3167 1141 3244 templum
1164 3167 1331 3243 pertineant
1352 3168 1444 3226 verba
1469 3168 1545 3245 legis

214 3268 334 3346 collegii
356 3268 529 3344 Aesculapii
552 3275 582 3327 et
603 3267 721 3347 Hygiae
745 3267 855 3343 (Orell.
879 3267 974 3344 2417)
1001 3273 1032 3326 r'n
1061 3269 1161 3346 templo
1189 3271 1319 3327 diuorum
1343 3272 1373 3327 in
1395 3271 1464 3329 aede
1486 3272 1546 3328 diui

212 3370 278 3429 Titi.
322 3370 403 3446 quod
431 3371 456 3429 si
485 3380 573 3442 esset,
597 3368 726 3430 Severus
752 3379 782 3428 et
805 3371 975 3429 Antoninus
1004 3379 1098 3429 totum
1130 3371 1231 3448 templi
1262 3371 1383 3430 schema
1412 3380 1545 3430 mutasse

214 3473 338 3548 putandi
360 3480 474 3532 essent:
502 3491 570 3530 nam
599 3473 704 3531 cellam
732 3492 811 3531 nunc
838 3491 958 3548 qnoque
984 3473 1073 3530 habet
1101 3491 1189 3531 unam
1212 3491 1279 3531 cum
1302 3473 1367 3532 basi
1390 3474 1544 3532 simulacri

216 3575 313 3633 unius.
358 3575 451 3632 nihilo
478 3575 577 3633 minus
604 3593 711 3633 nomen
739 3575 856 3652 plenius
883 3576 1068 3633 demonstrat
1095 3574 1147 3633 illa
1168 3582 1247 3634 certe
1269 3586 1366 3633 aetate
1389 3577 1544 3653 utriusque

211 3676 401 3752 imperatoris
428 3677 539 3735 cultura
568 3678 599 3735 in
632 3695 667 3734 ea
693 3677 767 3735 aede
793 3678 988 3736 exercitatum
1016 3694 1094 3736 esse.
1111 3709 1149 3719 -
1170 3678 1237 3735 aedi
1265 3677 1353 3736 divae
1380 3676 1543 3750 Faustinae

211 3778 388 3854 inscriptum
415 3788 462 3837 est
484 3781 549 3837 dina
574 3779 717 3837 Antonino
740 3779 887 3855 etldiuae
909 3780 1076 3837 Faustinae.
1120 3779 1207 3855 periti
1236 3779 1333 3837 sciunt
1362 3781 1541 3839 versiculum

213 3879 343 3957 primum
369 3888 477 3957 postea
505 3880 637 3939 additum
666 3899 743 3940 esse.
788 3881 878 3939 aedes
905 3890 1026 3957 putatur
1052 3880 1189 3939 dedicata
1219 3898 1287 3940 esse
1309 3880 1472 3940 Faustinae
1494 3883 1543 3940 Pii

213 3992 407 4041 consecratae
430 4001 457 4040 a.
477 3983 544 4052 141,
567 3981 671 4040 eodem
694 3981 805 4059 templo
828 3982 917 4041 Pium
940 3983 1053 4042 cultum
1076 4000 1142 4042 esse
1163 3992 1369 4041 consecratum
1393 4004 1419 4042 a.
1441 3983 1509 4042 161.

296 4081 444 4143 Consulto
460 4083 565 4142 omitto
588 4083 700 4159 templa
722 4102 799 4159 quac
813 4083 955 4161 Pompeis
972 4092 1076 4143 extant
1091 4084 1228 4144 Mercurii
1251 4094 1281 4143 et
1295 4084 1402 4156 Maiae,
1426 4086 1542 4144 Aescu·

213 4183 285 4261 lapii
308 4192 339 4243 ct
360 4184 495 4262 Hygiae3
522 4204 650 4261 quorum
678 4186 896 4262 cognominatio
925 4187 1110 4263 argumentis
1132 4186 1300 4245 defenditur
1321 4186 1541 4248 incertissimis.

211 4303 334 4360 possum
358 4288 620 4363 amonicipiorum
637 4288 880 4364 coloniarumque
895 4299 1059 4348 ceterarum
1082 4288 1176 4346 sacris
1199 4289 1337 4366 exempla
1359 4287 1420 4346 alia
1435 4289 1542 4348 afferre

211 4404 289 4463 quae
304 4389 474 4465 pertineant
489 4389 526 4447 ad
548 4390 631 4449 illam
653 4390 727 4448 iuris
743 4391 887 4467 pontificii
910 4391 1045 4466 regulam
1068 4391 1286 4449 illustrandam.
1331 4390 1383 4448 scd
1399 4410 1436 4449 ne
1451 4391 1541 4451 nimis

212 4508 231 4546 a
253 4492 408 4566 proposito
431 4490 584 4551 deflectam
606 4493 685 4550 intra
707 4494 887 4552 urbanorum
911 4493 985 4552 lines
1000 4512 1047 4550 me
1069 4492 1237 4551 continebo.
1281 4492 1340 4550 iarn
1362 4493 1490 4569 primum
1513 4504 1542 4552 et

211 4593 383 4669 pontificum
405 4612 552 4671 responso
575 4602 605 4654 et
626 4613 657 4652 rc
680 4596 746 4671 ipsa
769 4595 842 4654 satis
859 4595 1083 4671 comprobatum
1103 4602 1149 4654 est
1172 4593 1277 4654 cellam
1294 4612 1392 4666 unam,
1415 4596 1472 4654 hoc
1494 4607 1542 4656 est

212 4693 342 4767 domum,
365 4715 424 4754 non
446 4714 538 4772 posse
560 4698 632 4757 deos
652 4698 764 4774 plures,
791 4698 848 4756 hoc
877 4706 921 4756 est
943 4697 1049 4755 domus
1073 4697 1219 4768 dominos,
1243 4697 1408 4755 continere:
1435 4708 1466 4757 at
1488 4717 1539 4775 po-

211 4805 269 4855 test
291 4797 411 4857 domino
434 4799 656 4859 contubernalis
683 4799 806 4857 attribui
832 4800 955 4875 eiusque
977 4800 1088 4857 tutelae
1114 4799 1313 4859 commendari
1336 4800 1422 4875 quasi
1445 4801 1539 4859 cliens

209 4908 344 4976 patrono.
389 4899 419 4958 id
442 4901 524 4976 quod
546 4921 607 4960 aon
628 4921 696 4960 raro
718 4901 837 4960 accidit:
868 4901 1001 4960 velutin
1024 4900 1393 4960 cellaIunonisinaede
1416 4900 1539 4979 Capito-

209 5000 272 5060 lina
296 5000 461 5060 Iuventatis
489 5003 625 5061 aedicula
651 5003 787 5061 dedicata
813 5001 876 5061 fuit.
921 5003 1023 5080 plures
1051 5003 1144 5061 cellae
1176 5011 1209 5061 ut
1235 5002 1318 5062 aedis
1346 5004 1434 5061 unius
1461 5013 1539 5062 tecto

210 5104 532 5179 comprehenderentur
559 5104 621 5162 fieri
649 5124 708 5163 non
734 5104 830 5182 potuit
856 5104 914 5163 nisi
943 5105 1031 5163 unius
1054 5124 1070 5162 e
1092 5104 1227 5181 pluribus
1250 5104 1296 5163 dei
1319 5105 1486 5182 patrocinio
1509 5113 1539 5164 et
