3496 5814
564 475 863 528 ousuavanronns
889 476 1177 527 aercaaamcau.
1462 459 1534 528 235

291 654 427 714 Ulterius
455 651 594 729 progredi
621 669 726 726 parum
755 657 849 706 tutum
873 660 926 707 est.
972 648 1049 710 Sane
1072 652 1176 725 quaeri
1205 658 1312 728 potest,
1342 669 1413 708 num
1441 653 1537 710 tribus

207 757 353 817 naturalis
384 756 442 825 Pii,
471 772 548 829 quae
578 752 716 811 Voltinia
745 752 802 810 fuit
832 761 934 828 utpote
965 752 1193 844 Nemausensis,
1223 754 1292 811 itern
1323 753 1425 824 Marci,
1455 754 1538 812 cuius

207 860 329 917 domum
351 858 388 915 ad
412 856 565 915 Galeriam
587 854 794 930 Hispanorum
823 855 1003 929 pertinuisse
1030 873 1121 931 supra
1143 877 1170 931 p.
1190 855 1247 912 159
1272 855 1394 928 conieci,
1423 865 1540 931 praeter

206 961 369 1036 legitimam
399 958 553 1034 Papiriam
583 958 611 1014 iu
641 976 740 1015 rerum
769 956 954 1032 pubIIcarum
989 957 1108 1014 civitate
1141 957 1317 1015 donatarum
1351 956 1539 1015 ordinatione

206 1063 357 1121 adhibitae
384 1062 452 1119 sint.
498 1059 611 1120 Similis
640 1060 778 1133 quaestio
806 1060 984 1135 proponitur
1015 1067 1161 1116 nontam
1184 1059 1220 1116 de
1243 1059 1421 1134 imperatore
1444 1058 1538 1117 Perti-

207 1183 289 1235 nace,
320 1164 371 1238 qui
398 1171 486 1222 natus
509 1162 606 1220 Albae
630 1160 791 1236 Pompeiae
818 1161 847 1217 iu
876 1158 1005 1219 Camilia
1032 1162 1218 1234 censebatur,
1247 1179 1338 1235 quam
1363 1160 1400 1219 de
1427 1159 1539 1221 Severo

207 1266 331 1340 eiusque
356 1264 496 1342 posteris.
540 1264 572 1322 Is
600 1270 688 1320 natus
714 1262 803 1337 Lepti
830 1281 940 1340 magna
964 1264 1078 1339 origine
1111 1263 1148 1320 ad
1177 1263 1330 1339 Papiriam
1360 1263 1539 1338 pertinuisse

208 1369 339 1438 videtur,
362 1386 430 1425 nam
455 1367 564 1424 tribum
579 1363 816 1441 Leptitanorum,
838 1365 893 1422 etsi
910 1365 1020 1422 diserte
1040 1384 1076 1422 55
1091 1384 1149 1424 555
1173 1366 1309 1436 traditur,
1333 1384 1400 1423 cum
1423 1364 1540 1422 colonia

205 1470 298 1528 fuerit
318 1469 410 1545 Ulpia
432 1468 565 1526 Traiana
587 1466 655 1541 (Ali
678 1466 742 1543 Bey
766 1466 870 1524 trae-ela
897 1469 908 1522 l
936 1469 994 1525 tab.
1015 1468 1051 1526 15
1065 1493 1101 1516 =
1117 1467 1176 1525 551.
1193 1465 1272 1525 VIII
1295 1486 1323 1523 u.
1346 1466 1407 1541 10),
1436 1484 1539 1525 secun-

207 1572 276 1630 dum
299 1590 391 1649 55555
413 1570 493 1628 65555
515 1569 670 1647 probabile
693 1579 739 1627 est
759 1568 853 1626 fuisse
869 1568 1031 1644 Papiriam.
1076 1569 1111 1626 Id
1134 1569 1160 1627 si
1182 1571 1224 1626 ita
1246 1576 1301 1640 est,
1325 1568 1421 1626 tribus
1437 1566 1539 1628 Seueri

208 1673 353 1732 naturalis
387 1673 490 1731 eadem
523 1680 588 1730 erat
621 1678 711 1746 atque
737 1671 970 1742 Antoninorum,
1004 1690 1130 1747 quorum
1165 1672 1251 1747 stirpi
1279 1670 1424 1747 originem
1454 1687 1539 1728 auam

208 1775 311 1834 nascio
340 1775 490 1851 quomodo
519 1773 654 1832 inseruit.
698 1773 802 1831 Potuit
831 1773 952 1830 omnino
975 1780 1097 1850 propter
1119 1773 1310 1850 adoptIonem
1333 1773 1457 1830 alteram
1480 1791 1540 1830 555

208 1877 307 1936 miuus
330 1877 468 1935 ficticiam
491 1876 529 1934 ad
552 1874 709 1935 Camiliam
724 1874 890 1933 Pertinacis
913 1893 946 1933 se
968 1875 1146 1946 transserre3
1169 1875 1220 1934 sed
1244 1875 1339 1951 magis
1362 1874 1539 1933 crediderim

208 1979 361 2057 Papiriam
384 1999 451 2037 eum
474 1988 607 2036 secutum
629 1995 704 2036 esse.
750 1975 967 2035 Commendaut
995 1997 1059 2035 eam
1089 1976 1259 2054 opinionem
1288 1976 1452 2053 municipia
1482 1977 1539 2034 duo

207 2081 354 2140 Africana
386 2081 512 2138 alterum
543 2079 694 2138 Aurelium
722 2079 971 2137 Alexandrianum
998 2078 1159 2155 Anquetarn
1192 2080 1333 2154 Mopsum
1365 2077 1540 2155 Giufitunum

209 2184 284 2257 (vol.
299 2183 389 2253 VIII,
406 2183 466 2242 866
481 2209 517 2232 =
532 2182 633 2241 Maffei
650 2181 690 2240 M.
707 2181 744 2239 V.
761 2179 832 2253 462,
848 2183 883 2253 4;
914 2181 1010 2240 055115
1027 2180 1133 2258 2548),
1156 2181 1281 2240 alterum
1298 2181 1448 2238 Aurelium
1466 2181 1540 2239 Vina

208 2284 280 2359 (vol.
297 2284 385 2357 VIII,
402 2285 472 2344 958.
488 2286 549 2344 960
562 2310 598 2334 --
614 2282 728 2342 Gue'rin
750 2303 813 2360 noy.
830 2282 859 2353 2,
876 2281 945 2342 264.
967 2283 1041 2358 265)
1064 2290 1222 2359 utrumque
1244 2284 1427 2360 adscriptum
1450 2281 1540 2340 tribui

208 2386 365 2461 Papiriae;
396 2406 432 2445 ea
459 2386 536 2446 euim
566 2404 674 2444 nomen
702 2386 859 2443 Aurelium
892 2386 987 2461 magis
1021 2395 1068 2444 est
1096 2395 1128 2444 55
1157 2404 1175 2442 5
1204 2383 1363 2444 Caracalla
1395 2384 1541 2443 traxerint

208 2506 296 2564 quarn
320 2489 357 2546 ab
379 2489 560 2563 imperatore
577 2487 677 2563 aliquo
701 2488 813 2545 saeculi
836 2487 969 2546 secundi.
1016 2486 1073 2548 Sed
1096 2507 1150 2563 per
1170 2488 1245 2546 baec
1267 2496 1411 2564 tempora,
1433 2487 1540 2562 quibus

209 2592 368 2648 universus
401 2590 518 2666 imperii
547 2589 676 2647 Romani
710 2596 807 2648 status
835 2589 977 2647 dilabitur
1010 2599 1040 2646 et
1067 2591 1282 2665 corrumpitur,
1316 2606 1364 2647 res
1395 2588 1541 2647 tribuaria

209 2710 327 2768 quoque
350 2698 413 2749 tota
434 2691 663 2766 pessumdatur
685 2699 716 2750 55
737 2692 956 2767 quodammodo
978 2693 1138 2750 evanescit.
1184 2692 1282 2766 Quam
1308 2692 1347 2749 ub
1376 2710 1442 2767 rem·
1467 2689 1539 2748 satis

208 2794 384 2852 habebimus
418 2793 551 2851 florentis
584 2793 700 2869 imperii
734 2813 752 2850 a
786 2792 913 2852 Claudio
946 2795 984 2852 ad
1018 2793 1204 2852 Hadrianum
1238 2794 1332 2870 legem
1365 2793 1540 2851 tribuariam

208 2896 378 2973 repperisse
405 2905 435 2953 et
462 2896 675 2967 declaravisse3
709 2915 745 2954 ea
773 2897 852 2954 enirn
885 2897 1047 2972 prudenter
1076 2896 1210 2954 adbibita
1243 2914 1301 2954 uon
1333 2895 1437 2953 dubito
1466 2895 1538 2969 quin

209 2998 344 3073 quaestio
367 3017 499 3056 summae
521 2997 688 3074 gravitatis,
711 3017 764 3073 per
785 3017 861 3072 quos
885 2998 997 3074 gradus
1024 2999 1129 3056 civitas
1151 2997 1345 3069 Romanaad
1368 2996 1538 3075 provincias

208 3099 317 3158 Latine
339 3101 496 3176 loquentes
519 3109 686 3177 propagata
708 3100 755 3173 sit,
779 3112 895 3175 praeter
918 3118 1001 3177 spem
1024 3101 1190 3160 55551555
1211 3101 1387 3159 illustretur.

459 3421 591 3517 XXI.
651 3420 917 3517 CYRIAOI
946 3420 1290 3517 THRAOIOA.

294 3632 340 3689 Ad
369 3634 464 3692 libros
492 3635 619 3712 scriptos
645 3636 756 3713 oppido
784 3653 906 3712 paucos,
935 3635 1041 3710 quibus
1065 3633 1183 3694 Graeca
1205 3634 1419 3712 epigrammata
1440 3651 1457 3689 a
1480 3630 1539 3709 Cy-

209 3735 290 3793 riaco
314 3744 439 3812 excepta
461 3739 658 3807 continentur,
686 3757 781 3811 nuper
806 3740 937 3794 accessit
962 3737 1105 3794 beneficio
1132 3755 1198 3795 cum
1221 3737 1383 3793 amIcorum
1405 3752 1538 3791 meorum

212 3833 314 3894 Caroli
337 3837 561 3911 Zangemeister
581 3848 611 3895 et
633 3837 757 3895 Henrici
781 3836 955 3911 Oldenberg
981 3844 1043 3894 tum
1069 3837 1182 3895 domini
1208 3836 1278 3893 libri
1300 3836 1357 3892 viri
1378 3835 1538 3910 magnifici,

210 3938 307 3994 56555
332 3938 452 4013 ignotus
479 3939 781 3997 Ashburnharnianus
810 3936 1019 3995 Librianorum
1042 3938 1179 4007 51174,
1208 3938 1235 3995 is
1264 3937 1328 4011 ipse
1355 3953 1444 4011 quem
1466 3934 1539 3992 Vin·

211 4041 325 4096 centius
355 4039 536 4115 Borgbinius
567 4040 596 4097 in
625 4040 727 4098 codice
756 4039 929 4096 Florentino
957 4039 1231 4115 blagliabecchiano
1254 4038 1290 4110 P,
1309 4039 1356 4108 10,
1382 4038 1439 4097 109
1468 4037 1540 4095 55555

211 4143 266 4199 555
289 4141 407 4198 nomine
436 4142 530 4200 libelli
553 4143 603 4217 qui
625 4142 781 4201 Francisci
801 4141 975 4200 Pandultini
1000 4141 1069 4212 fuit3
1097 4161 1166 4200 nam
1193 4142 1411 4218 praescriptum
1438 4140 1467 4197 ei
1494 4148 1541 4198 est

207 4236 378 4301 ζ1655555555
400 4243 604 4320 Pandulphini
626 4253 656 4303 et
678 4239 854 4302 amicorum’
876 4243 1057 4320 redeuntque
1079 4253 1223 4321 excerpta
1244 4243 1313 4302 inde
1335 4261 1354 4300 5
1375 4241 1540 4320 Borghinio

209 4345 240 4402 in
256 4345 542 4404 Asbburuhamiano
565 4346 673 4405 omnia.
716 4345 871 4422 Leguntur
891 4343 1008 4405 Graeca
1029 4346 1082 4404 illa
1104 4349 1123 4405 f.
1143 4344 1315 4406 tas-192.
1353 4343 1541 4403 Praecedunt

210 4446 293 4504 locus
317 4448 483 4506 Ptolemaei
507 4451 534 4520 3,
554 4448 601 4520 13,
618 4449 655 4506 47
681 4448 717 4508 65
739 4447 853 4506 Lemno
880 4449 980 4507 insula
1006 4455 1036 4507 et
1060 4451 1245 4527 epigramma
1271 4449 1303 4506 in
1325 4446 1465 4506 Brandue
1486 4446 1539 4504 ho-

209 4566 311 4606 norem
343 4549 458 4609 Graece
487 4571 506 4608 a
532 4548 661 4626 Cyriaco
692 4550 835 4628 scriptum
863 4550 973 4609 editum
1003 4551 1040 4610 ab
1068 4550 1202 4609 Oliverio
1228 4570 1257 4627 p.
1275 4550 1324 4609 63.
1369 4547 1540 4625 Sequuntur

211 4651 290 4709 tituli
313 4652 453 4726 descripti
477 4651 663 4728 Selymbriae
686 4662 715 4711 et
736 4652 872 4711 Perinthi
894 4653 915 4711 ii
936 4652 1007 4726 iere,
1035 4671 1111 4729 quos
1133 4652 1202 4711 item
1225 4651 1315 4710 babet
1336 4651 1413 4708 liber
1434 4649 1539 4726 Cyria-

209 4771 303 4811 canus
330 4754 522 4811 Manutianus
546 4753 627 4813 5250
655 4755 733 4829 (dixi
761 4755 797 4812 dc
824 4774 860 4814 eo
887 4755 1007 4812 vollll
1029 4774 1058 4830 p.
1078 4753 1150 4829 131)
1178 4753 1306 4829 indeque
1333 4771 1428 4828 nuper
1448 4753 1541 4812 edidit

208 4853 353 4912 Albertus
375 4855 510 4913 Demont
537 4856 734 4932 (inscriptione
767 4867 793 4914 et
817 4864 988 4914 monumenta
1004 4856 1112 4932 fipure'a
1136 4857 1169 4913 da
1192 4854 1221 4911 la
1247 4855 1368 4913 Thrace.
1411 4854 1539 4913 Parisiis

212 4956 315 5031 1876).
361 4955 525 5015 Vaticanus
553 4958 628 5016 liber
653 4977 721 5018 cum
743 4959 832 5034 louge
853 4958 970 5034 plenior
992 4964 1021 5017 et
1047 4958 1077 5015 in
1100 4959 1272 5016 universum
1295 4957 1480 5015 emendatior
1500 4958 1540 5014 sit

210 5074 298 5131 quarn
328 5058 644 5132 Ashburnhamianus,
675 5079 734 5118 nou
762 5060 888 5119 multum
915 5078 953 5117 ex
979 5059 1036 5117 hoc
1064 5059 1252 5135 proficimus3
1281 5077 1336 5136 ego
1368 5059 1539 5134 suppressis

211 5160 359 5218 erroribus
385 5159 541 5218 inutilibus
570 5161 644 5220 satis
670 5161 760 5220 habui
785 5161 913 5220 breviter
939 5161 1070 5219 indicare
1096 5161 1147 5237 qui
1168 5161 1245 5221 tituli
1266 5161 1297 5220 iu
1319 5162 1376 5220 hoc
1397 5159 1475 5219 libro
1497 5160 1538 5218 le-

209 5268 318 5335 gantur
341 5270 370 5320 et
393 5263 478 5321 utilia
503 5262 528 5321 ei
551 5280 610 5339 qua
631 5261 749 5340 repperi
771 5261 887 5324 afferre.
