3510 5812
390 1412 474 1524 llll
500 1410 845 1524 seclusus
872 1412 953 1523 ΕΤ
979 1409 1368 1524 FLAMINIBVS

642 1578 1129 1693 AVGVSTALIBVS.

590 2045 626 2137 Ι.
684 2044 771 2137 DE
801 2041 1175 2138 SODALIBVS.

217 2163 390 2331 Collegia
411 2254 610 2314 sacerdotalia
636 2255 667 2311 in
694 2255 837 2313 honorem
861 2254 998 2313 divorum
1021 2255 1234 2332 imperatorum
1256 2255 1458 2313 constituendi
1479 2271 1545 2312 mos

213 2356 332 2416 initium
361 2358 439 2434 cepit
466 2378 486 2416 a
515 2354 656 2417 Caesaris
687 2358 817 2434 Augusti
851 2366 946 2415 morte
979 2364 1009 2415 et
1037 2358 1275 2428 consecratione3
1309 2376 1377 2416 nam
1407 2356 1544 2415 dictatori

215 2455 344 2519 Caesari
370 2459 421 2536 qui
446 2460 560 2537 primus
588 2470 658 2537 post
678 2459 841 2518 Romulum
865 2479 904 2518 ox
932 2459 1083 2518 hominum
1105 2478 1213 2536 genere
1234 2461 1312 2518 inter
1334 2459 1420 2518 divos
1442 2458 1545 2535 populi

212 2559 345 2620 Romani
366 2562 477 2621 relatus
500 2572 546 2620 est
561 2562 720 2638 collegium
744 2561 931 2621 sacerdotum
954 2571 1079 2619 nonest
1099 2562 1310 2631 constitutum3
1333 2579 1411 2619 anruo
1426 2561 1544 2619 demum

212 2681 243 2739 p.
260 2661 296 2722 0.
315 2663 352 2721 14
374 2663 406 2721 in
428 2664 488 2722 divi
504 2665 633 2740 Augusti
656 2666 799 2723 honorem
821 2663 935 2722 sodales
953 2664 1128 2739 Ateguatales
1151 2672 1221 2722 sunt
1242 2663 1405 2721 constituti.
1451 2659 1544 2722 Soda-

212 2765 259 2825 les
281 2765 382 2825 Titios
404 2785 471 2825 eum
493 2771 544 2841 qui
567 2766 751 2843 Augustales
775 2765 930 2824 constituit
951 2774 982 2823 et
1003 2764 1205 2823 ordinavit-
1221 2766 1285 2824 sive
1304 2762 1445 2823 Tiberius
1468 2762 1543 2823 Cae·

212 2884 265 2926 sar
290 2869 317 2926 is
345 2867 404 2926 tuit
432 2868 495 2927 sive
522 2868 588 2944 ipse
614 2868 701 2927 dirus
730 2868 886 2944 Augustus
914 2868 988 2926 haec
1017 2868 1060 2925 ita
1085 2867 1150 2926 fieri
1177 2867 1326 2925 voluit-
1343 2875 1412 2924 ante
1439 2866 1544 2924 oeulos

210 2969 356 3030 babuisse
382 2980 412 3028 et
439 2970 477 3027 ad
504 2970 654 3029 Titiorum
687 2971 911 3029 similitudinem
940 2968 1124 3047 Augustales
1154 2988 1222 3028 esse
1248 2969 1427 3028 constitutos
1455 2977 1484 3026 et
1509 2987 1545 3027 ex

210 3072 281 3149 ipso
308 3074 453 3131 sodalium
474 3073 688 3149 Augustalium
715 3074 834 3132 nomine
862 3081 987 3149 apparet
1013 3082 1044 3130 et
1065 3072 1175 3130 diserte
1201 3090 1220 3130 a
1242 3071 1383 3147 Tacito1)
1406 3070 1545 3142 traditum

212 3182 246 3233 ut
266 3174 352 3233 onim*
367 3173 487 3234 sodales
508 3174 609 3234 Titios
632 3176 696 3234 siue
715 3174 751 3233 T.
768 3175 877 3233 Tatius
899 3195 954 3233 rex
977 3174 1041 3234 sive
1062 3182 1132 3250 post
1155 3173 1236 3231 Tatii
1257 3183 1383 3232 mortem
1398 3172 1546 3232 Romulus

212 3274 295 3351 (nam
317 3276 429 3336 dehac
450 3296 482 3335 re
497 3276 669 3354 discrepant
690 3279 767 3336 inter
789 3295 822 3335 se
844 3277 903 3334 duo
926 3276 1026 3334 Taciti
1048 3273 1267 3351 testimonia)²)
1288 3277 1442 3335 ratiumdia
1459 3275 1545 3335 Sali-

212 3396 315 3438 rarum
335 3382 437 3453 sacris,
466 3391 499 3437 ut
524 3379 600 3455 ipsis
623 3378 722 3437 Taciti
748 3380 847 3439 verbis
876 3389 952 3450 utar,
979 3378 1118 3452 institnit,
1145 3378 1188 3435 ita
1216 3377 1336 3436 sodales
1358 3378 1544 3455 Augustales

211 3497 274 3540 non
294 3481 394 3558 ipsum
415 3480 517 3540 dirum
533 3484 702 3558 Augustum
726 3482 824 3541 colere
848 3481 931 3556 (huic
951 3481 1029 3539 enim
1052 3481 1095 3538 rei
1118 3479 1271 3556 proprium
1295 3480 1480 3539 sacerdotem
1495 3479 1545 3538 de·

211 3582 355 3643 sanatam
378 3582 475 3643 inisse
497 3583 575 3641 infra
597 3583 786 3660 videbimus),
809 3584 861 3642 sed
885 3602 971 3642 sacra
992 3584 1090 3659 gentis
1113 3583 1209 3641 Iuliae
1230 3592 1300 3660 post
1314 3583 1443 3660 Augusti
1466 3601 1545 3641 mor·

210 3694 269 3744 tem
298 3684 416 3762 publice
446 3694 587 3762 suscepta
613 3704 718 3744 curare
747 3686 821 3745 iussi
851 3694 928 3744 sunt.
973 3685 1077 3744 Testis
1109 3694 1156 3744 est.
1183 3686 1219 3743 de
1245 3687 1301 3743 hac
1326 3704 1358 3743 re
1385 3683 1543 3760 Tacitus³)

206 3790 364 3866 proprium
378 3790 438 3846 eius
453 3786 578 3864 (Iuliae)
597 3789 696 3847 domas
711 3789 901 3847 sacerdotium
923 3786 1043 3845 sodales
1057 3787 1240 3864 Augustales
1263 3787 1429 3863 appellans,
1452 3795 1543 3844 testes

210 3896 282 3949 sunt
301 3889 372 3949 fasti
393 3890 606 3966 magistrorum
628 3888 777 3948 sodalium
792 3887 1036 3964 Augustalinm4)
1053 3887 1189 3957 Bovillis,
1212 3888 1262 3945 ubi
1285 3887 1450 3963 antiquitus
1473 3904 1544 3962 geu-

209 3991 280 4051 tiles
302 3990 373 4049 Iulii
395 4009 482 4051 sacra
502 3991 693 4066 iaciebant⁵)‚
715 3990 835 4066 reperti.

286 4266 310 4330 ¹)
350 4269 524 4332 Ann.1,54:
550 4270 615 4322 idem
634 4287 714 4322 asarias
734 4271 769 4336 (p.
791 4272 820 4322 C.
843 4271 887 4333 14)
907 4286 987 4321 ruccas
1006 4271 1173 4321 caerimonias
1192 4271 1290 4338 accepit
1309 4268 1398 4320 addito
1418 4267 1543 4320 sodalium

212 4360 391 4427 Augustalium
409 4361 561 4425 sacerdotio,
590 4371 618 4413 ut
637 4362 761 4430 quotidem
785 4363 813 4413 T.
839 4361 928 4413 Tatius
946 4363 1084 4414 reiterandis
1103 4361 1254 4413 Sabinorum
1273 4364 1356 4413 sacris
1374 4361 1476 4413 sociales
1499 4359 1523 4410 T
1522 4363 1542 4410 i·

210 4454 260 4504 tios
277 4453 429 4504 iastimerat.
466 4456 532 4505 Hist.
548 4457 573 4517 2,
589 4454 637 4507 952
662 4456 816 4522 Augustales
830 4492 836 4506 .
852 4494 857 4507 .
875 4492 901 4517 .,
923 4455 990 4523 quod
1008 4455 1175 4506 sacerdotium
1194 4463 1220 4505 ut
1239 4455 1360 4506 Romulus
1382 4454 1457 4504 Tatio
1476 4454 1539 4519 regi,

208 4546 249 4595 ita
269 4542 366 4597 Cacsar
383 4544 500 4597 Tiberius
512 4545 596 4599 Iuliae
608 4551 678 4616 genti
690 4550 811 4600 sacrauit.
851 4549 975 4610 Quamvis
995 4557 1114 4613 corrupta
1133 4550 1184 4598 sint
1203 4549 1282 4598 rerba
1300 4563 1383 4613 neque
1403 4548 1435 4597 de
1455 4561 1541 4597 emen·

208 4637 315 4689 datione
335 4646 442 4703 constet,
467 4647 553 4691 tamen
579 4657 630 4692 non
656 4643 798 4707 adstipulcr
816 4640 983 4706 Nipperdeyo
1009 4641 1134 4691 addit-icis
1159 4655 1190 4690 ea
1210 4656 1265 4690 esse
1289 4647 1366 4706 atquo
1385 4655 1399 4689 o
1418 4645 1541 4690 contextu

208 4730 340 4797 scriptoris
353 4733 511 4783 removenda
524 4734 651 4797 censenti;
672 4749 731 4784 nam
745 4749 798 4783 non
812 4748 843 4783 ea
855 4740 893 4782 est
906 4734 1034 4783 sententia
1047 4748 1113 4799 quac
1126 4734 1158 4783 ab
1173 4732 1357 4797 interpolatore
1370 4733 1486 4799 protecta
1498 4732 1540 4781 sit.

284 4820 309 4884 ²)
348 4823 422 4886 Quae
446 4825 619 4890 discrepantia
643 4842 694 4876 non
720 4827 802 4892 magis
826 4826 892 4875 mira
917 4834 955 4875 est
980 4840 1057 4890 quam
1082 4825 1150 4891 quod
1170 4839 1295 4889 augurum
1316 4826 1443 4876 institutio
1462 4824 1540 4875 modo

207 4914 321 4968 Romulo
339 4916 419 4967 modo
439 4918 540 4968 Numae
559 4918 687 4969 tribuitur.

285 5004 309 5069 ¹)
348 5009 419 5059 Anu.
433 5010 458 5071 3,
473 5010 517 5060 64.

284 5097 310 5161 ⁴)
349 5099 614 5162 c.1.L.vl,1sst.

285 5189 310 5253 ⁸)
348 5192 378 5242 C.
392 5195 414 5244 1.
428 5195 458 5244 L.
473 5194 496 5256 1,
512 5192 572 5245 807.
612 5195 652 5246 Cf.
667 5196 730 5246 Tac.
745 5210 805 5247 ann.
821 5197 846 5257 2,
861 5196 904 5245 41.
927 5196 969 5257 15,
986 5195 1029 5245 23.
