3510 5812
400 503 568 556 SYLLOGE
595 503 885 556 INSCRIPTIONVM
911 502 997 553 sont
1022 502 1177 553 sonam.
1376 482 1447 552 251

122 677 160 734 ab
181 676 237 733 hoc
259 676 404 735 laterculo
426 677 532 735 abesse
555 677 635 734 volui
659 675 772 752 aliquot
794 684 1052 734 monumentorum
1068 675 1254 751 publicorum
1277 676 1449 750 fragmenta,

123 779 160 836 de
182 778 291 854 quibus
313 778 391 837 infra
412 778 566 836 dicendum
589 786 645 849 est,
672 780 740 837 item
768 779 897 836 frustula
922 791 969 836 sat
996 778 1090 835 multa
1112 778 1165 835 illa
1186 797 1262 853 quae
1284 777 1379 853 ipsius
1402 777 1450 834 lit-

123 892 270 939 teraturae
291 899 398 956 genere
420 881 548 938 saeculis
571 880 682 938 infimis
705 881 773 938 inde
795 901 814 938 a
835 880 913 938 tertii
930 880 1012 938 exitu
1034 880 1231 938 vindicantur.
1276 881 1334 936 iam
1354 879 1450 936 obiter

122 981 294 1059 inspicienti
320 982 476 1059 apparebit
504 1002 605 1040 verum
632 1000 699 1040 esse
728 982 756 1039 id
780 983 860 1057 quod
887 983 1112 1058 supradictum
1135 992 1189 1049 est,
1217 982 1321 1038 horum
1346 999 1449 1038 monu-

122 1093 287 1143 mentorum
310 1084 427 1142 circiter
447 1085 610 1160 nonaginta
631 1093 745 1160 partem
768 1084 829 1141 fere
850 1083 1002 1141 dimidiam
1025 1085 1115 1141 aetati
1132 1084 1293 1141 Antoninis
1315 1082 1450 1140 inferiori

122 1185 233 1255 deberi,
256 1185 337 1244 nulla
358 1187 480 1244 omnino
504 1204 661 1260 superesse
690 1186 726 1242 de
752 1186 937 1260 temporibus
960 1185 1072 1243 liberae
1094 1185 1285 1261 reipublicae,
1314 1184 1400 1241 unius
1423 1185 1449 1240 si

123 1288 257 1362 excipias
280 1287 406 1347 Fabiani
433 1306 523 1346 arcus
550 1288 654 1345 titulos
681 1307 829 1363 unumque
855 1297 1010 1364 praeterea
1036 1288 1149 1345 duosve
1176 1287 1289 1357 titulos,
1317 1285 1450 1362 001101-

123 1398 205 1446 tasse
227 1398 295 1446 ante
312 1390 442 1465 Augusti
456 1389 662 1464 ‘principatum
684 1390 799 1447 exarati
822 1390 891 1459 sint,
914 1390 1047 1462 licceat,
1070 1389 1191 1446 omnino
1212 1388 1323 1446 nullum
1347 1397 1449 1445 extare

124 1490 235 1548 saeculi
267 1491 385 1566 septimi
418 1491 502 1549 exitu
534 1492 669 1550 octavive
703 1493 788 1549 initio
821 1492 1028 1566 antiquiorem.
1072 1471 1185 1567 quibus*
1211 1490 1331 1566 quidem
1361 1489 1449 1546 rebus

123 1593 235 1668 optime
261 1592 448 1651 illustrantur
474 1592 697 1651 vicissitudines
724 1593 860 1651 lortunae
888 1611 961 1669 quas
987 1593 1211 1652 celeberrimum
1238 1592 1320 1650 urbis
1353 1591 1448 1649 locum

123 1694 239 1752 subisse
262 1695 414 1753 annalium
436 1696 579 1753 memoria
600 1702 734 1752 testatur.
753 1727 791 1737 -
808 1695 915 1753 deinde
942 1695 1016 1753 satis
1043 1703 1160 1753 constat
1186 1696 1264 1752 iuter
1291 1693 1393 1751 titulos
1419 1692 1450 1750 in

123 1794 190 1853 foro
211 1806 346 1873 repertos
369 1797 462 1854 latere
484 1796 630 1872 quosdam
654 1797 703 1872 qui
727 1797 848 1855 aliunde
871 1816 906 1854 eo
928 1797 1019 1855 delati
1042 1798 1115 1854 sint:
1139 1805 1209 1853 sunt
1230 1804 1329 1853 autern
1352 1794 1450 1871 sepul-

124 1897 220 1956 crales
242 1906 309 1957 octo
333 1898 376 1973 (n.
393 1898 442 1957 86.
468 1899 535 1957 138.
562 1899 629 1957 139.
655 1899 723 1956 147.
749 1899 816 1955 150.
843 1899 910 1957 158.
937 1898 1004 1956 189.
1031 1898 1102 1973 197)
1129 1899 1238 1972 reperti
1266 1915 1387 1955 omnes
1413 1897 1449 1954 in

125 1999 390 2058 0100101110ᾶο
412 2020 429 2057 a
451 2000 709 2059 columnaFocae
731 2018 825 2075 usque
858 2002 896 2058 ad
928 2001 1069 2076 templum
1095 2000 1155 2057 divi
1178 1999 1247 2057 Iulii
1280 1997 1449 2074 (christiani

125 2101 254 2160 hominis
283 2119 359 2160 unus
384 2102 471 2176 150),
504 2121 563 2178 quo
587 2103 712 2162 coniecti
746 2110 816 2160 sunt
836 2121 902 2160 cum
926 2102 1051 2160 materis
1084 2101 1213 2176 undique
1236 2121 1274 2159 ex
1295 2102 1367 2159 urbe
1390 2101 1448 2158 col-

123 2203 200 2261 lecta
221 2205 351 2262 maxime
373 2212 507 2280 tempore
529 2203 607 2264 Sixti
624 2204 651 2260 V
666 2205 707 2279 (v.
725 2203 839 2279 supra).
887 2224 945 2262 non
969 2211 1087 2263 constat
1113 2222 1172 2279 quo
1196 2214 1328 2278 tempore
1351 2204 1380 2261 in
1403 2222 1450 2260 ec·

123 2304 247 2363 01001010
269 2303 325 2366 SS.
349 2303 444 2380 Sergii
467 2317 496 2362 et
518 2306 628 2364 Bacchi
650 2307 799 2364 conditam
823 2306 942 2365 saeculo
964 2314 1080 2376 octavo,
1113 2306 1240 2364 dirutam
1274 2315 1307 2363 ut
1333 2305 1450 2363 videtur

123 2406 201 2464 10101
223 2424 317 2465 00000
343 2407 421 2466 1539
444 2418 474 2466 01
495 2408 544 2467 Ρ11
566 2408 611 2466 IV
633 2409 836 2485 pontificatum
864 2408 975 2484 (1559)
1008 2409 1195 2485 pervenerint
1217 2407 1348 2482 quinque
1370 2406 1449 2465 tituli

125 2509 310 2585 sepulcrales
332 2509 519 2569 Mazochiaui
541 2509 658 2587 (Epigr.
681 2530 710 2567 n.
737 2510 819 2585 112).
867 2520 957 2586 utque
980 2529 1068 2569 unum
1091 2510 1211 2584 quidem
1232 2509 1352 2566 illorum
1381 2507 1449 2582 (86)

125 2611 265 2669 traditum
298 2621 345 2670 est
376 2623 491 2671 erutum
525 2630 593 2670 esse
621 2612 703 2687 dupli
724 2614 849 2671 scariclu'
869 2612 943 2671 aelle
960 2616 1042 2686 parti
1063 2615 1208 2687 superiori
1230 2611 1277 2669 del
1298 2614 1397 2684 tempto
1420 2610 1450 2665 di

129 2711 227 2771 Giulr'o
252 2712 386 2786 Caesare,
409 2716 534 2774 alterum
557 2713 645 2789 (152)
668 2715 811 2771 insertum
834 2713 929 2772 fuisse
951 2713 1149 2771 aedificationi
1173 2713 1262 2770 medii
1296 2713 1377 2770 aevi:
1410 2712 1448 2768 si-

124 2816 208 2874 milia
230 2818 257 2875 01
279 2817 315 2876 de
338 2818 432 2876 titulis
454 2817 521 2875 aliis
543 2826 660 2894 praeter
692 2817 876 2893 sepulcrales
908 2817 1017 2876 tradita
1039 2827 1150 2888 essent,
1184 2835 1256 2876 sane
1278 2817 1448 2874 accuratius

124 2921 276 2997 cognitum
298 2921 477 2979 haberemus
500 2939 537 2977 an
571 2920 658 2997 plura
680 2920 858 2997 generisque
880 2921 989 2980 diversi
1023 2923 1192 2996 fragmenta
1214 2941 1232 2978 a
1266 2923 1331 2980 loro
1353 2918 1452 2978 aliena

125 3020 155 3077 in
179 3021 235 3079 hac
257 3022 372 3098 sylloge
394 3032 541 3082 extarent.
585 3033 617 3082 at
638 3044 674 3082 ea
695 3034 724 3081 et
746 3023 802 3082 fuit
823 3033 852 3080 et
874 3043 952 3082 nunc
974 3027 1036 3085 iere
1058 3035 1104 3084 est
1125 3025 1277 3083 hominum
1300 3024 1450 3092 socordia,

125 3131 158 3179 ut
181 3124 231 3181 vix
252 3125 299 3182 bis
320 3132 403 3183 terve
425 3126 524 3185 verbis
552 3128 641 3185 certis
668 3127 842 3185 adnotatum
869 3128 1006 3203 legamus
1033 3135 1131 3187 utrum
1158 3131 1187 3187 10
1215 3129 1281 3205 1000
1302 3129 1359 3187 fori
1382 3145 1452 3186 area

124 3242 163 3281 00
188 3225 265 3281 10101
291 3235 398 3284 1011001
426 3227 639 3303 materiamque
669 3230 816 3303 ingentem
846 3229 969 3305 insuper
997 3242 1169 3306 congestam
1193 3231 1307 3309 lapides
1329 3229 1451 3289 litterati

124 3325 269 3383 iacueriut
296 3327 359 3402 (70.
386 3327 452 3386 152.
479 3330 562 3405 154).
606 3329 683 3386 idem
712 3328 866 3388 dicendum
897 3331 933 3388 de
965 3332 1112 3391 columnis
1140 3335 1248 3392 statuis
1270 3335 1366 3410 cippis
1389 3333 1450 3392 uris

124 3433 168 3485 tot
195 3428 321 3504 denique
346 3448 525 3489 marmorum
552 3431 737 3506 fragmentis,
764 3450 840 3508 quae
867 3439 965 3490 utrum
988 3434 1076 3492 ruina
1097 3435 1298 3495 aedificiorum
1320 3438 1452 3514 proiecta

125 3529 318 3606 dispersaqne
358 3551 397 3590 au
435 3541 592 3607 asportata
628 3533 701 3602 sint,
751 3533 827 3591 scire
873 3552 962 3610 quam
1011 3538 1141 3595 maxime
1187 3558 1288 3598 eorum
1330 3541 1452 3599 interest

125 3631 174 3706 qui
211 3650 270 3690 non
307 3633 381 3691 solis
417 3635 666 3694 reconcinnsndis
703 3635 904 3695 aedificiorum
940 3638 1058 3697 illorum
1093 3641 1233 3700 membris
1268 3643 1450 3702 incumbunt.

126 3732 197 3789 mihi
233 3735 285 3810 qui
320 3753 465 3794 annorum
505 3737 582 3796 1872
620 3747 650 3796 01
687 3737 766 3796 1876
807 3740 911 3813 paucis
952 3742 1103 3800 mensibus
1143 3761 1178 3799 00
1217 3744 1279 3802 1010
1318 3745 1451 3804 subseci-

127 3834 172 3892 vis
204 3835 287 3893 horis
320 3838 402 3911 operi
436 3839 617 3897 interfuerim
645 3857 718 3897 saue
746 3857 804 3895 non
837 3840 971 3916 contigit,
999 3850 1032 3898 ut
1064 3851 1144 3900 certa
1177 3846 1357 3922 maiorisque
1389 3864 1451 3905 rno-

125 3933 236 3993 liminis
269 3939 440 3997 testimonia
472 3941 655 4019 colligerem:
690 3939 741 3999 aed
774 3940 844 3998 dum
877 3941 985 3999 iterum
1017 3943 1183 4019 iterumque
1216 3948 1317 4006 adstiti
1351 3953 1451 4024 operis

125 4036 256 4094 mirabar
276 4039 356 4114 qnod
377 4040 455 4099 inter
477 4052 575 4101 tautae
594 4041 762 4100 altitudinis
778 4041 929 4100 materiem
953 4054 1070 4121 praeter
1091 4045 1200 4107 lateres
1221 4051 1374 4121 contritos,
1398 4050 1452 4106 mi·

124 4145 198 4197 nuta
217 4139 351 4216 lapidum
373 4143 550 4221 uilicumque
572 4144 711 4213 frustula,
738 4143 798 4201 alia
820 4143 851 4202 id
872 4164 968 4223 genus
990 4147 1190 4208 aedificiorum
1214 4151 1378 4210 dirutorum
1401 4171 1451 4209 eo·

124 4259 248 4317 rumque
275 4244 471 4304 recentiorum
498 4246 641 4323 reliquias
670 4246 746 4303 alias
769 4247 838 4305 aliis
861 4249 1095 4324 superinstratas
1117 4268 1241 4327 perrara
1262 4254 1451 4329 antiquorum

125 4357 384 4404 monumentorum
406 4348 574 4424 fragmenta
595 4348 767 4407 eminerent.
812 4367 907 4425 neque
933 4350 964 4407 in
987 4352 1073 4410 Actis
1097 4371 1189 4429 supra
1210 4356 1450 4414 commemoratis

125 4462 171 4501 aa.
198 4445 276 4503 1872
290 4479 326 4490 -
344 4446 422 4507 1875
455 4468 514 4525 qua
536 4451 666 4527 quidque
687 4450 842 4510 altitudine
864 4451 985 4509 latuerit
1006 4451 1177 4513 adnotatum
1200 4459 1318 4532 repperi
1341 4458 1399 4516 nisi
1422 4458 1450 4514 d.

128 4546 165 4603 15
187 4547 276 4605 Μο11.
301 4549 390 4620 1873,
413 4552 463 4609 ubi
485 4551 667 4626 aliquotiens
689 4553 831 4629 repetitur
858 4563 975 4627 reporta
995 4571 1062 4613 esse
1088 4557 1256 4634 fragmenta
1277 4558 1452 4616 architecto·

125 4649 193 4706 nica
208 4651 264 4722 sru
285 4654 297 4706 i
318 4653 452 4720 scoriali,
475 4662 503 4711 et
525 4653 553 4710 d.
577 4651 616 4709 22
636 4653 830 4732 Μο11.1874,
857 4653 906 4710 ubi
931 4655 1039 4712 dicitur
1060 4656 1137 4713 inter
1160 4658 1328 4716 columnam
1350 4658 1451 4718 Focae

125 4759 155 4808 et
177 4747 208 4809 S.
232 4750 419 4811 Hadrianum
441 4754 513 4811 00110
535 4753 673 4812 bucoliae
694 4758 837 4828 superiori
858 4755 905 4812 del
928 4757 1026 4814 luuoro
1060 4757 1222 4832 capitulum
1255 4760 1370 4819 ordinis
1402 4779 1450 4819 co·

125 4853 226 4910 rinthii
249 4853 403 4924 extitisse3
426 4855 496 4912 item
518 4854 563 4912 bis
585 4863 667 4912 terve
694 4855 803 4913 diserte
829 4868 968 4915 narratur
995 4859 1023 4915 in
1047 4859 1114 4932 ipsa
1134 4878 1205 4918 area
1230 4861 1300 4919 talia
1322 4862 1450 4920 iacuisse

125 4964 285 5029 prostrata,
308 4954 390 5012 velut
407 4956 576 5013 columnam
597 4956 679 5013 illam
698 4975 798 5031 presso
820 4958 843 5014 11
864 4959 962 5017 nucleo
985 4960 1031 5017 <tet
1051 4978 1102 5017 suo
1120 4963 1289 5035 predistullo
1305 4962 1359 5038 (16
1375 4962 1449 5021 Ι)00.

128 5054 222 5131 1872)
245 5057 302 5113 1100
324 5057 428 5113 estad
451 5057 537 5114 basin
560 5059 731 5128 secundam,
759 5059 807 5116 ubi
831 5077 896 5117 eam
923 5061 1068 5119 iacentem
1091 5062 1152 5121 vidi
1176 5083 1202 5121 a.
1228 5064 1307 5123 1872
1331 5065 1450 5142 (photo-

125 5158 239 5232 grapho
255 5156 394 5233 exemplo
417 5157 495 5231 felici
518 5159 637 5216 1011000
652 5170 777 5235 excepta
799 5171 884 5219 extat
905 5161 933 5219 in
949 5162 1049 5222 Rosae
1065 5163 1220 5224 Relatione
1234 5165 1272 5224 ad
1294 5185 1322 5242 p.
1341 5167 1390 5238 54,
1413 5167 1450 5224 01.
