3510 5812
231 508 277 582 68
819 527 965 582 JORDAN

226 703 302 760 libro
325 721 390 760 meo
412 702 551 777 exempla
571 702 654 772 dedi;
677 721 736 761 non
759 704 892 778 sequitur
915 712 946 760 ut
967 704 1066 780 ipsum
1089 702 1237 761 aerarium
1261 702 1359 776 spatio
1381 710 1428 758 sat
1448 718 1557 776 magno

225 805 262 862 ab
289 805 363 862 aede
391 801 512 863 Saturni
541 805 717 878 diremptum
744 804 843 875 suerit,
872 823 926 863 nec
953 815 1052 881 potest
1080 823 1152 863 sane
1181 804 1276 879 sequi,
1304 803 1445 879 quoniam
1473 822 1557 860 aera·

223 907 300 964 rium
322 907 353 964 in
376 906 442 983 ipsa
463 905 538 964 aede
559 907 655 964 fuisse
678 917 738 965 taur
753 906 899 965 Varronis
921 925 1011 982 quam
1026 907 1140 965 Lucani
1157 905 1246 965 verba
1268 913 1426 962 testantur.
1469 923 1557 981 prae-

222 1019 304 1068 terea
330 1016 433 1066 uotum
461 1019 508 1067 est
536 1018 626 1083 atque
655 1027 673 1065 a
695 1007 824 1066 Klenzio
846 1008 1002 1084 (Philoloq.
1027 1009 1172 1067 Atlanti.
1195 1027 1223 1082 p.
1243 1007 1294 1081 18)
1321 1006 1440 1084 egregie
1463 1024 1556 1081 expo·

221 1112 312 1168 sitnm
340 1110 377 1168 de
405 1111 508 1169 eodem
537 1111 637 1168 valere
665 1111 800 1169 aedificio
823 1111 902 1186 quod
926 1111 1083 1186 Appianus
1109 1120 1210 1169 narret
1232 1110 1259 1167 b.
1284 1128 1309 1166 e.
1336 1110 1362 1178 1,
1386 1109 1422 1164 31
1447 1107 1486 1168 εἰς
1507 1101 1556 1163 rie

220 1213 274 1268 τοῦ
294 1201 402 1295 Kpiivao
426 1207 493 1269 venie
516 1199 549 1269 οὗ
571 1214 627 1271 τοῖς
648 1205 763 1277 ταμίαις
793 1215 848 1289 (ita
875 1213 1012 1271 emendat
1034 1212 1120 1271 codd.
1148 1213 1326 1288 scripturam
1351 1202 1417 1271 ratic
1437 1201 1555 1286 ταμίας)

220 1311 311 1396 ἐχρῆν
333 1304 449 1380 ὀμνύναι
473 1316 612 1390 quodque
635 1316 666 1372 in
689 1314 791 1373 tabula
812 1315 944 1373 Bautina
966 1315 1108 1391 scriptum
1133 1315 1172 1371 sit
1194 1333 1221 1370 v.
1239 1312 1277 1370 22
1301 1312 1451 1387 i]ouranto
1474 1313 1557 1388 opud

220 1425 398 1490 quaestorem-
428 1418 467 1473 ad
493 1421 645 1488 aerarium,
674 1416 803 1493 denique
831 1417 911 1494 quod
933 1417 1039 1475 Livius
1066 1416 1176 1474 referat
1198 1414 1263 1490 (29,
1287 1413 1337 1485 39,
1363 1413 1413 1490 lt)
1440 1431 1501 1471 cum
1524 1418 1554 1472 ier

220 1517 295 1592 lepos
318 1521 443 1576 iurasset
467 1517 499 1576 C.
526 1516 666 1576 Claudius
688 1529 713 1577 et
735 1522 765 1575 in
788 1523 933 1577 aerarium
955 1520 1132 1578 escendisset.
1177 1518 1224 1575 his
1248 1516 1348 1575 verbis
1370 1515 1477 1591 nequis
1499 1535 1554 1593 pu-

220 1619 329 1678 taverit
351 1620 499 1677 aerarium
523 1621 554 1678 in
576 1632 676 1678 monte
700 1621 789 1678 situm
812 1621 906 1679 fuisse
929 1621 1052 1691 adstrui,
1079 1628 1199 1678 cautum
1227 1627 1274 1677 est
1296 1616 1450 1678 Ciceronis
1473 1616 1499 1675 F
1502 1637 1555 1675 on-

220 1720 338 1779 teianae
359 1721 527 1797 fragmento
549 1720 754 1780 Niebulrriano
777 1723 821 1797 (3,
844 1724 892 1798 4):
915 1727 1060 1782 accusatio
1082 1741 1156 1798 quae
1182 1721 1337 1796 [slaailiua
1356 1723 1452 1795 possit
1472 1718 1555 1795 Ap]-

219 1827 268 1898 pis
291 1843 376 1899 quain
393 1822 534 1900 pauc[o]s
557 1828 654 1883 aerari
673 1825 784 1900 pradus
806 1826 966 1897 ascendere,
994 1843 1053 1900 quo
1081 1824 1251 1882 testimonio
1279 1823 1408 1900 diligens
1431 1823 1461 1879 in
1483 1841 1554 1880 con·

220 1926 375 1999 quireudis
400 1925 579 1984 testimoniis
602 1927 730 2002 scriptor
752 1926 889 2003 Nibbyus
913 1927 1020 1999 (Itonia
1041 1930 1138 1985 antica
1162 1924 1190 1996 2,
1214 1925 1285 1999 114)
1307 1934 1387 1982 recte
1411 1942 1483 1983 usus
1507 1941 1553 1982 es·

221 2036 276 2099 set,
300 2028 358 2086 nisi
380 2027 417 2085 de
440 2029 512 2086 aede
537 2026 658 2088 Saturni
685 2029 752 2103 ipsa
779 2036 911 2088 errasset
938 2047 1003 2086 cum
1032 2027 1111 2086 aliis.
1156 2027 1210 2085 hos
1233 2026 1343 2104 gradis
1365 2044 1433 2085 esse
1455 2026 1552 2085 scalas

219 2128 322 2204 templi
351 2128 473 2189 Saturni
502 2148 575 2189 sane
602 2149 743 2208 magnas,
771 2149 899 2206 quarum
931 2131 1039 2188 rudera
1067 2149 1143 2188 nunc
1169 2147 1289 2204 quoque
1316 2136 1477 2206 supersunt
1499 2147 1552 2204 ap-

217 2239 304 2305 paret
326 2249 381 2288 nec
403 2232 501 2290 minus
524 2240 637 2290 eertum
660 2242 706 2291 est
728 2251 779 2291 eos
801 2232 871 2291 licet
889 2233 974 2290 multi
996 2233 1108 2291 luerint
1130 2241 1228 2290 tamen
1251 2251 1322 2308 prae
1338 2232 1416 2290 mole
1438 2230 1551 2310 ingenti

221 2331 344 2407 Alpium
366 2351 479 2410 paucos
501 2346 570 2411 apte
592 2335 649 2392 diei
673 2336 817 2411 potuisse.

300 2435 363 2492 lam
386 2454 422 2492 eo
445 2436 624 2495 devenimus
647 2447 678 2495 ut
700 2455 879 2514 quaeramus
902 2456 960 2513 quo
985 2438 1048 2496 iure
1070 2455 1148 2494 nune
1170 2457 1188 2494 a
1209 2437 1359 2512 plerisque
1382 2438 1471 2495 aedes
1495 2434 1551 2496 Sa-

217 2537 295 2594 turni
326 2537 362 2594 ad
391 2538 488 2596 sorum
517 2539 575 2597 sita
604 2539 682 2597 binis
709 2540 877 2616 appelletur
904 2539 975 2615 Opis
1003 2549 1030 2597 et
1051 2540 1175 2598 Saturni
1196 2538 1376 2596 nominibus.
1420 2538 1483 2596 eius
1506 2538 1550 2595 rei

214 2648 331 2696 constat
355 2639 474 2699 unicum
497 2649 604 2699 testem
627 2659 693 2700 esse
716 2653 768 2699 aut
789 2652 869 2700 certe
890 2641 994 2699 haberi
1016 2640 1132 2699 titulum
1157 2639 1454 2699 Orellianum1506:
1478 2659 1548 2698 narn

215 2740 251 2798 de
276 2740 400 2799 Victore
421 2743 531 2801 ficticio
559 2744 717 2819 postmodo
741 2743 914 2802 videbimus.
960 2743 1007 2801 liic
1033 2743 1137 2801 titulus
1167 2743 1246 2818 apud
1274 2741 1438 2801 Gruterum
1463 2740 1547 2814 26,3

217 2842 296 2899 unde
320 2842 453 2900 Orellius
476 2862 543 2901 eum
566 2844 766 2920 transcripsit,
789 2846 832 2903 sic
854 2845 950 2903 editus
972 2855 1032 2903 est:

594 3019 675 3058 mitrae
689 3018 719 3059 ad
733 3025 811 3069 septem
826 3022 924 3059 lucernae
940 3021 961 3058 in
977 3030 1086 3059 trrorniora
1094 3021 1168 3069 fracte

488 3116 587 3160 locvs
602 3131 608 3145 ·
625 3117 822 3161 ADSlGNATVS
840 3133 846 3145 ·
862 3121 930 3161 AEDl
953 3135 959 3147 ·
977 3120 1050 3163 01²1·
1069 3122 1124 3162 ET·
1142 3120 1271 3162 SATVRNl

491 3220 506 3260 1.
521 3233 528 3245 ·
545 3219 685 3262 munatio
701 3235 707 3249 ·
725 3221 808 3263 VERO
826 3236 832 3248 ·
851 3221 885 3262 ΕΤ
901 3234 907 3247 ·
924 3221 962 3264 Ε·
979 3221 1134 3264 ΤΕΚΕΝΤΙΟ
1151 3239 1157 3252 ·
1174 3222 1271 3265 fistice

699 3321 799 3364 CVRAT
815 3338 821 3351 ·
837 3321 915 3364 OPER
933 3337 939 3350 ·
957 3324 1061 3366 i'VssllC

715 3437 741 3467 ee
756 3426 864 3467 Macariis
878 3432 898 3467 et
912 3437 951 3467 nis.
966 3426 1046 3469 Metelli

216 3545 245 3601 in
268 3542 502 3621 Epigrammatis
525 3544 606 3602 urbis
622 3544 736 3602 Romae
758 3546 881 3622 eiusque
896 3547 1052 3605 Addendis
1074 3547 1230 3623 impressis
1253 3549 1333 3623 apud
1355 3549 1545 3610 Menochium

214 3662 273 3703 non
302 3655 396 3716 extat,
424 3665 478 3703 nec
505 3647 640 3704 meminit
665 3647 746 3705 illius
775 3648 914 3725 syllegae
941 3657 1044 3707 auctor
1073 3649 1260 3709 Albertinius
1286 3651 1316 3708 in
1344 3651 1545 3728 descriptione

214 3744 317 3816 Urbis,
345 3747 417 3805 licet
442 3748 579 3822 pluribus
607 3747 647 3805 ibi
675 3748 712 3806 de
738 3749 854 3807 aerario
883 3749 1064 3827 Saturnique
1093 3752 1204 3830 templo
1231 3752 1438 3830 disputaverit.
1483 3774 1543 3812 nou

214 3850 413 3907 meminerunt
434 3850 610 3927 astygraphi
632 3850 744 3909 saeculi
759 3867 819 3910 xvi.
864 3853 918 3912 sed
939 3861 1059 3932 praeter
1075 3855 1182 3913 mirum
1200 3855 1256 3912 hoc
1278 3857 1396 3914 testium
1419 3857 1543 3915 idoneo·

210 3971 275 4009 rum
298 3951 450 4010 silentium
474 3952 569 4027 ipsius
593 3952 673 4010 tituli
697 3953 788 4011 verba
805 3955 888 4026 milri,
911 3976 950 4014 ox
972 3975 1031 4033 quo
1054 3957 1184 4032 primum
1206 3956 1340 4016 intellexi
1363 3977 1471 4017 nomeu
1494 3978 1542 4018 ae·

209 4052 256 4110 dis
273 4051 350 4131 Opis
374 4065 403 4112 et
419 4052 542 4113 Saturni
564 4053 621 4113 hoc
643 4054 710 4112 solo
733 4056 912 4117 documento
934 4077 1003 4118 esse
1022 4059 1177 4129 munitum,
1201 4059 1402 4137 suspicionem
1426 4062 1540 4138 gravis·

211 4155 317 4212 simam
341 4165 506 4215 moverunt.
551 4176 648 4233 neque
671 4157 749 4215 enim
773 4159 909 4217 conditae
931 4160 1174 4238 instaurataeque
1196 4161 1377 4238 aliquotIens
1400 4163 1467 4222 aedi
1486 4161 1541 4223 Ss-

209 4257 288 4314 turni
309 4259 407 4333 potuit
429 4276 466 4315 ea
487 4265 594 4328 aetate,
617 4276 706 4334 quam
729 4259 833 4318 titulus
854 4260 913 4319 iste
936 4263 1105 4332 ementitur,
1131 4261 1216 4322 locus
1240 4264 1298 4322 dici
1320 4265 1473 4341 adsignari
1495 4266 1541 4323 ui·

208 4358 317 4416 mirum
344 4359 516 4417 condendae
551 4359 815 4432 instaurandaeve3
850 4381 945 4437 neque
971 4383 1042 4421 vero
1076 4364 1252 4442 adsignandi
1287 4366 1465 4425 vocabulum
1498 4369 1541 4426 ita

208 4470 370 4536 usurpatur
391 4469 424 4519 ut
445 4463 544 4536 possit
566 4462 602 4519 de
625 4463 768 4520 attributo
790 4463 820 4520 in
843 4481 929 4521 usum
949 4467 1033 4523 aedis
1057 4467 1168 4524 dudum
1190 4468 1327 4527 conditae
1346 4469 1414 4528 loco
1437 4470 1539 4528 nescio

208 4579 269 4634 quo
291 4562 406 4638 attiguo
429 4563 533 4639 accipi.
578 4562 630 4621 sed
652 4563 793 4639 quoniam
814 4584 909 4640 nuper
930 4567 1107 4626 Mommseni
1136 4568 1338 4645 disputatione
1361 4571 1534 4647 (Ephem.l

208 4679 235 4734 p.
253 4660 291 4719 67
309 4662 367 4737 ss.)
400 4664 496 4721 edocti
529 4682 635 4723 sumus
662 4663 853 4725 Gutenstenii
885 4668 972 4727 iidem
1006 4678 1176 4745 suspectam
1203 4689 1279 4745 esse,
1312 4673 1391 4731 hunc
1419 4691 1538 4749 quoque

205 4762 335 4835 titulum,
359 4765 480 4839 quoad
503 4786 592 4826 unum
614 4784 718 4825 omnes
741 4777 881 4844 tanquam
903 4772 1032 4846 genuino
1056 4780 1143 4830 antea
1165 4773 1210 4830 usi
1234 4781 1313 4845 sunt,
1336 4774 1538 4833 damnandum

206 4882 273 4923 osse
295 4864 383 4922 facile
404 4884 483 4925 nunc
505 4868 557 4927 tibi
585 4870 614 4927 in
638 4870 782 4927 Actorum
810 4880 927 4929 tuorum
956 4872 1062 4930 ultima
1089 4874 1207 4950 pagella
1234 4876 1326 4934 verbo
1354 4877 1537 4955 significanti

205 4984 294 5040 quarn
317 4967 388 5025 mihi
412 4968 550 5043 pluribus
573 4972 725 5029 enarranti
749 4973 836 5047 periti
859 4974 964 5032 malint
985 4974 1140 5034 adsentiri.
1184 4989 1309 5053 apparet
1337 4989 1436 5037 autem
1459 4979 1537 5037 duas

205 5069 335 5126 inanime
358 5087 405 5127 res
427 5066 551 5130 falsario
573 5072 703 5148 fingendi
726 5075 881 5133 materiam
905 5076 1127 5153 suppeditasse:
1157 5079 1284 5154 primurn
1307 5080 1386 5138 enim
1410 5100 1445 5138 eo
1467 5081 1537 5157 ipso

205 5168 285 5241 loco,
307 5187 367 5245 quo
390 5170 482 5232 istum
505 5173 634 5251 lapidem
662 5175 815 5236 inventum
842 5195 910 5238 esse
931 5177 1012 5250 dicit,
1038 5174 1090 5238 ‘ad
1112 5189 1226 5257 septem
1248 5177 1410 5254 luceruas',
1437 5201 1537 5260 reper-
