3510 5812
344 557 690 570 ‚———--——-———·

695 642 711 678 <
762 646 822 698 ont
875 641 891 679 >

570 869 629 924 op,
648 841 666 870 ‘⁴
700 831 848 895 stiffi
871 848 953 890 essm
976 847 1079 889 orvis

570 971 670 1026 ⁰22⁴?ss
779 950 821 991 xv
849 949 927 993 vsro
949 948 1009 993 cos

570 1073 629 1127 ost,
651 1039 677 1090 -ἲ
772 1051 842 1094 rma
866 1050 927 1093 eor
972 1051 1058 1095 sont
1081 1053 1146 1093 max

570 1174 629 1227 ψῃ
648 1195 667 1223 v
757 1153 825 1195 aras
873 1155 998 1196 vanans
1018 1153 1099 1195 xxxv
1122 1154 1261 1196 raravvn

762 1566 813 1607 tm?
829 1564 994 1607 cassant
1032 1562 1265 1608 ὓΟΜΙΤΙΑΝΟ

707 1544 859 1799 ἢ
870 1664 1052 1708 osmanrco
1085 1666 1167 1709 ΡΟΝΤ
1196 1668 1262 1708 ΜΑΧ

778 1770 846 1810 tntu
871 1766 929 1809 POT
952 1767 979 1808 lll
1003 1769 1055 1810 1th
1071 1769 1100 1808 Vl
1116 1767 1176 1811 COS
1192 1768 1212 1809 Χ
1229 1769 1261 1809 l'l’

762 1871 846 1911 PlEl’S
872 1871 998 1913 VRBANA
1019 1869 1101 1912 XXXV
1123 1871 1262 1912 Txtnvvnt

349 2165 459 2240 quodsi
482 2163 587 2220 titulus
610 2163 784 2223 Domitiano
813 2181 940 2220 revera
968 2163 1122 2221 dedicatus
1144 2163 1244 2233 suerit,
1266 2164 1346 2238 quod
1368 2183 1445 2221 nunc
1467 2182 1586 2240 qnoque
1609 2163 1682 2222 mihi

349 2269 467 2325 videtur
490 2266 563 2323 satis
590 2274 703 2323 certum
726 2282 802 2334 esse,
837 2273 936 2322 tamen
968 2282 1046 2322 nnnc
1078 2265 1273 2324 confidentius
1305 2283 1395 2340 quarn
1424 2266 1494 2322 olim
1522 2265 1577 2324 feei
1603 2283 1681 2341 nego

349 2388 417 2427 eum
440 2386 507 2426 esse
528 2368 677 2441 equestris
699 2374 829 2435 statuae,
857 2367 984 2442 primum
1012 2383 1064 2423 eas
1091 2367 1130 2423 ob
1150 2384 1256 2425 causas
1283 2385 1359 2442 quas
1380 2368 1510 2442 exposui
1531 2367 1551 2424 1.
1575 2386 1599 2424 c.
1623 2367 1683 2442 (ni-

352 2471 458 2530 mirum
482 2469 622 2527 carminis
645 2466 774 2530 Statiani
803 2469 893 2528 verba
919 2487 1009 2546 aegre
1035 2468 1230 2526 conciliantur
1258 2489 1325 2527 cum
1354 2469 1542 2527 dedicatione
1563 2470 1643 2526 iacta
1664 2489 1683 2526 a

351 2573 438 2650 plebe
461 2573 575 2631 urbana
590 2571 629 2629 ob
651 2571 751 2629 datum
770 2569 979 2646 congiarium),
1002 2569 1109 2628 deinde
1131 2569 1170 2627 ob
1192 2589 1243 2629 eas
1267 2589 1372 2629 causas
1394 2589 1468 2646 quas
1491 2589 1582 2647 supra
1603 2571 1683 2629 edis·

351 2674 471 2733 sertavi.
516 2674 647 2732 tabulam
675 2673 796 2749 longam
823 2672 916 2730 fuisse
946 2671 1064 2730 circiter
1086 2690 1124 2728 m.
1142 2673 1192 2744 3,0
1215 2672 1604 2750 apparet31aterabaaeos
1627 2672 1682 2730 mi·

351 2795 424 2834 nora
445 2776 507 2833 lata
529 2775 623 2833 fuisse
649 2794 687 2832 m.
705 2775 755 2845 6,0
776 2774 959 2832 videbimus:
987 2774 1065 2832 unde
1091 2772 1217 2833 eflicitur
1246 2783 1279 2832 ut
1300 2774 1406 2851 possit
1425 2774 1478 2831 illa
1499 2775 1567 2833 huic
1588 2775 1683 2833 affixa

352 2878 457 2949 fuisse,
480 2895 540 2935 non
563 2887 676 2933 utnon
698 2876 796 2953 possit
817 2895 876 2934 non
898 2875 1001 2934 fuisse.
1045 2884 1175 2934 ceterum
1202 2877 1411 2952 fragmentum,
1438 2877 1522 2935 cuius
1548 2876 1683 2951 reliquae

350 2986 450 3056 partes
472 2997 531 3037 non
553 2997 757 3056 comparuere,
780 2989 929 3053 repertum
953 2986 997 3035 est
1019 2978 1056 3034 ad
1079 2977 1245 3036 aedificium
1266 2978 1365 3036 medio
1388 2996 1461 3036 aevo
1483 2978 1584 3036 multis
1606 2978 1683 3036 anti-

351 3099 476 3155 quorum
511 3079 714 3139 aedificiorum
748 3079 855 3153 spoliis
884 3087 1101 3138 constructum:
1135 3080 1236 3156 itaque
1265 3079 1333 3155 quis
1366 3081 1514 3158 spondeat
1544 3080 1683 3158 proximo

352 3181 425 3240 olim
449 3188 639 3240 monumento
661 3183 824 3240 detractum
847 3180 931 3240 esse?

436 3271 572 3343 Titulnm
594 3284 684 3362 igitur
712 3289 829 3342 statuae
855 3282 1002 3359 equestris
1025 3283 1192 3343 Domitiani
1218 3293 1322 3342 extare
1351 3284 1460 3343 iniuria
1485 3283 1684 3342 contenditur.

354 3386 391 3444 de
418 3387 485 3464 ipsa
510 3386 578 3445 basi
605 3387 635 3444 in
659 3384 817 3443 Relatione
845 3405 872 3443 a.
898 3385 976 3444 1873
999 3404 1027 3461 p.
1044 3385 1081 3442 71
1097 3402 1120 3442 s.
1143 3384 1218 3444 haec
1239 3385 1393 3462 leguntur:
1424 3403 1505 3444 aereo
1527 3385 1550 3442 il
1571 3389 1686 3445 termine

354 3488 420 3547 dell’
450 3507 524 3545 anno
553 3488 632 3545 1872
660 3487 812 3545 a'incontrd
841 3507 879 3545 nn
903 3506 979 3562 pron
998 3487 1096 3546 nucleo
1119 3489 1150 3544 di
1171 3490 1343 3546 soatrnzione
1365 3507 1379 3546 e
1400 3489 1431 3545 di
1444 3491 1544 3563 forma
1566 3489 1687 3564 quadri·

356 3589 445 3665 lanpa
472 3608 506 3646 an
533 3592 580 3646 cni
606 3589 652 3646 nel
677 3590 838 3647 mediceae
865 3593 961 3647 nansi
986 3590 1194 3664 confusamente
1220 3599 1405 3664 acoroppoate
1430 3599 1542 3664 quottro
1569 3591 1686 3648 calonne

356 3692 387 3747 di
407 3689 498 3765 piatio
520 3692 624 3747 antico.
666 3690 714 3748 nel
734 3691 882 3749 rimonerle
903 3690 954 3748 dol
976 3698 1060 3766 posto
1082 3709 1139 3765 per
1164 3691 1351 3749 determinare
1371 3694 1383 3748 i
1405 3691 1488 3749 limiti
1510 3695 1618 3766 precisi
1640 3693 1688 3750 del

355 3793 454 3850 nucleo
486 3795 512 3849 si
538 3792 603 3849 aide
630 3793 678 3850 cle
705 3801 802 3868 questo
828 3811 879 3850 era
900 3795 1100 3851 intereuntem
1126 3796 1265 3852 eoatitnito
1293 3794 1332 3850 do
1347 3794 1423 3867 sorti
1444 3793 1552 3850 iloeeii
1573 3795 1605 3851 di
1626 3804 1687 3852 tra·

355 3897 464 3951 nertino
493 3893 677 3953 solidamenta
703 3897 847 3970 coaptanti
865 3897 921 3970 fra
946 3896 1008 3952 loro
1031 3913 1087 3970 per
1107 3912 1195 3952 mezzo
1218 3897 1249 3952 di
1263 3897 1361 3970 ferree
1380 3913 1503 3971 prappa
1546 3904 1613 3954 tatto
1635 3891 1686 3952 oll’

355 3999 469 4053 intorno
499 3998 606 4054 decena
634 4015 723 4054 essere
750 3999 925 4055 cireoacn'tto
952 3997 991 4054 do
1017 4015 1057 4054 nn
1081 4016 1157 4072 pron
1176 3997 1263 4071 podio
1283 4015 1440 4054 mamerco
1463 3996 1522 4055 alto
1544 4001 1621 4055 circa
1645 3997 1687 4055 00

357 4101 477 4169 centina„
499 4101 511 4155 i
532 4103 579 4157 cni
599 4101 677 4156 narii
698 4097 808 4156 blocclni
829 4101 855 4155 ei
876 4097 1036 4156 raccolsero
1059 4101 1276 4174 compaginati,
1302 4101 1463 4157 novicino
1485 4100 1517 4156 ol
1539 4100 1612 4158 detto
1634 4118 1687 4157 nn·

359 4198 427 4257 cleo.
472 4199 499 4256 lo
523 4208 597 4258 atate
618 4198 727 4258 attnale
754 4200 786 4256 di
814 4217 875 4257 etan
896 4202 1006 4257 misano
1032 4203 1064 4255 ai
1085 4200 1140 4257 dne
1162 4201 1215 4257 lati
1235 4204 1377 4275 inoppiori
1398 4220 1457 4258 nna
1479 4201 1634 4276 Innpbezza
1656 4203 1689 4259 di

357 4305 439 4358 metri
460 4303 488 4358 7.
500 4301 539 4359 20
561 4319 575 4357 e
597 4302 628 4357 di
652 4302 680 4359 4.
695 4300 734 4359 20
762 4305 793 4358 ci
813 4305 931 4359 minori:
958 4299 1088 4359 l’altazza
1116 4305 1259 4376 inapqiore
1280 4304 1294 4358 ὲ
1315 4303 1447 4360 dimetri
1468 4306 1492 4360 1.
1505 4302 1551 4360 15.
1595 4313 1688 4361 tennto

357 4411 438 4460 conto
456 4421 529 4478 pero
553 4404 599 4460 dei
619 4402 729 4460 bloccln
750 4406 780 4460 in
794 4421 902 4460 mortno
923 4403 972 4460 cie
993 4407 1179 4461 enatitninano
1202 4403 1229 4460 lo
1250 4404 1361 4461 zoccolo
1383 4405 1430 4461 del
1450 4405 1621 4476 bonomento,
1643 4407 1688 4463 ot·

357 4507 424 4563 cnni
444 4505 490 4561 dei
514 4504 596 4579 piculi
615 4508 760 4562 mianrano
778 4523 837 4562 nna
853 4504 1002 4579 largitam
1017 4507 1109 4563 inedia
1129 4507 1159 4561 di
1172 4525 1208 4562 nt.
1224 4506 1253 4576 0,
1265 4507 1304 4564 80
1318 4506 1354 4562 ed
1367 4505 1414 4562 nn'
1430 4506 1536 4565 altezza
1551 4508 1582 4564 di
1599 4509 1628 4566 6.
1643 4508 1688 4566 60

359 4623 508 4680 comp-resa
530 4606 560 4662 la
576 4609 696 4678 cornice,
719 4610 745 4664 si
763 4624 887 4681 poeaono
909 4610 1041 4665 nicanore
1063 4609 1089 4664 le
1105 4608 1271 4665 dimensioni
1292 4610 1532 4682 approasinnotice
1555 4608 1621 4666 dell’
1643 4612 1686 4667 in-

361 4710 431 4764 tiero
451 4707 623 4782 piadeatollo
645 4712 676 4765 in
697 4711 777 4766 nentri
797 4708 838 4765 10
860 4725 948 4782 sopra
972 4708 999 4765 6.
1037 4708 1072 4765 cf.
1097 4725 1188 4786 snpra
1210 4727 1235 4766 c.
1259 4708 1283 4765 Ι.
1328 4709 1375 4767 his
1397 4709 1476 4786 quod
1500 4709 1606 4767 addam
1629 4729 1688 4768 non

359 4807 466 4879 habeo,
493 4809 550 4866 nisi
578 4809 658 4885 quod
684 4809 715 4867 in
741 4829 774 4868 re
800 4810 950 4886 praesenti
977 4809 1172 4887 longitudinis
1199 4811 1342 4886 pristinae
1369 4830 1509 4871 mensura
1529 4812 1600 4870 mibi
1624 4813 1691 4869 visa

360 4916 406 4967 est
427 4910 520 4968 fuisse
543 4929 580 4968 m.
598 4911 626 4983 8,
640 4911 678 4970 75
701 4920 731 4970 et
752 4911 832 4987 quod
859 4921 922 4968 tota
944 4911 1025 4969 basis
1056 4913 1140 4970 item
1171 4914 1221 4971 uti
1244 4914 1368 4991 platea
1389 4913 1610 4991 anaglyphis
1633 4932 1688 4971 or-

357 5019 443 5068 nata
469 5012 662 5071 tiburtinis
690 5012 896 5089 lapidibus,
926 5013 1062 5087 quibus
1090 5033 1171 5071 area
1197 5015 1268 5072 fori
1295 5024 1411 5074 strata
1432 5023 1499 5088 est,
1523 5015 1687 5073 artificio

357 5113 431 5170 nisi
458 5114 574 5172 fallor
601 5113 764 5190 pessimo
791 5113 967 5191 imposita
994 5124 1062 5172 est:
1092 5125 1122 5172 ut
1148 5118 1254 5191 quovis
1280 5117 1403 5194 pignore
1424 5117 1600 5176 contendam
1624 5136 1690 5175 eam
