3510 5812
459 489 768 543 ossnnvsrronns
795 492 1080 548 nrrsnnrnrcna.
1362 478 1433 549 331

102 665 275 740 exemplum
303 664 390 721 adest
415 663 444 723 id
473 665 571 743 ipsum
598 664 679 740 quod
707 666 777 724 olirn
806 665 908 740 attoli;
936 667 1051 726 scilicet
1072 667 1170 726 classe
1191 669 1330 728 Romana
1351 689 1437 745 proe-

102 765 152 824 liis
175 767 332 845 ventisque
353 767 452 826 deleta
474 787 500 827 a.
523 789 550 826 u.
567 787 593 826 c.
610 767 669 826 716
693 758 721 824 oi'
738 791 768 825 τε
791 761 866 848 φίλοι
889 769 1049 847 Appianas
1076 771 1118 828 ait
1140 770 1181 847 (b.
1206 791 1230 830 c.
1255 774 1284 844 5,
1300 770 1366 847 92),
1388 763 1436 829 καὶ

101 870 153 925 τῶν
174 859 284 927 πόλεών
304 890 377 931 τινες
398 864 479 947 ἆυτῷ
502 867 550 946 (C.
568 867 708 944 Caesari)
734 871 804 930 uatis
826 866 1017 948 ὑπισχνοῦντο
1040 862 1087 928 uni
1108 866 1217 930 incisor
1239 874 1289 950 (cl.
1305 873 1366 931 Dio
1384 874 1435 946 48,

101 970 158 1043 49;
180 971 337 1032 Drumann
361 973 392 1046 4,
408 971 492 1048 576).
537 971 627 1030 Addo
649 972 776 1032 alterum
798 972 987 1052 desumptum
1010 993 1047 1034 ex
1063 973 1187 1035 Valerio
1203 975 1336 1035 Maximo
1357 975 1386 1048 9,
1407 976 1435 1048 3,

102 1074 120 1132 8
144 1075 195 1150 (cf.
211 1076 395 1135 Plutarchus
416 1072 492 1135 Sull.
510 1074 564 1149 37)
586 1083 657 1152 post
677 1076 848 1135 incendium
863 1074 1009 1154 Capitolii
1029 1077 1109 1136 bello
1131 1075 1257 1139 Sullano
1280 1079 1435 1155 pecuniam

100 1197 119 1237 a
150 1177 362 1238 decurionibus
389 1177 565 1236 Puteolanis
595 1178 775 1254 promissam
805 1177 842 1236 ad
870 1179 1062 1238 relectionem
1091 1181 1165 1240 eius.
1217 1177 1349 1240 Gravius
1379 1192 1435 1252 est,

101 1279 182 1357 quod
210 1287 306 1340 aetate
333 1281 527 1355 imperatoria
553 1281 604 1339 vix
630 1279 701 1338 belli
727 1280 844 1338 navalis
873 1281 984 1339 mentio
1008 1282 1056 1354 fit;
1088 1300 1268 1359 quamquam
1295 1303 1333 1343 ne
1361 1284 1435 1343 baec

102 1383 222 1460 quidem
243 1383 365 1442 omnino
387 1383 495 1456 deficit,
517 1401 583 1442 cum
599 1382 780 1458 Vespasiani
798 1383 924 1441 victoria
943 1384 1061 1444 navalis
1084 1385 1114 1443 in
1137 1386 1212 1463 ipsis
1235 1387 1364 1445 nummis
1377 1394 1435 1446 'ce-

100 1486 231 1545 lebretur
252 1485 533 1562 (Eckbe16,330),
562 1485 611 1542 nbi
632 1494 750 1544 constat
768 1484 902 1562 intellegi
921 1487 1068 1562 proelium
1088 1508 1155 1547 cum
1171 1487 1292 1548 Iudaeis
1313 1488 1344 1547 in
1365 1488 1434 1548 lacu

101 1587 291 1648 Genezareth
306 1588 509 1647 commissum.
547 1585 642 1646 Cuius
657 1588 727 1647 belli
742 1588 858 1647 navalis
874 1607 940 1646 cum
957 1607 1030 1648 casu
1046 1591 1190 1649 memoria
1205 1590 1242 1648 ad
1258 1609 1314 1649 nos
1330 1609 1435 1667 perre-

100 1692 187 1763 nerit,
213 1692 284 1749 item
306 1690 337 1748 in
359 1689 452 1749 altero
474 1689 555 1749 bello
577 1689 718 1749 Iudaeico
741 1689 898 1762 Hadriani,
921 1693 1006 1750 cuius
1028 1693 1140 1771 exigua
1160 1693 1266 1751 notitia
1287 1702 1433 1770 superest,

99 1794 198 1853 simile
224 1792 365 1870 quiddam
394 1791 528 1851 accidere
556 1791 664 1868 potuit,
691 1802 721 1849 et
748 1811 817 1849 vore
845 1793 876 1850 in
906 1794 1006 1852 lacero
1035 1795 1203 1871 fragmento
1233 1796 1296 1855 eius
1326 1798 1433 1856 aetatis

100 1896 159 1955 vol.
182 1895 228 1954 VI
254 1916 284 1954 n.
302 1894 381 1952 1565
403 1894 474 1953 belli
496 1893 628 1952 Indaeici
650 1894 761 1953 mentio
783 1893 817 1952 fit
838 1913 898 1953 uua
919 1914 988 1954 cum
1009 1895 1181 1956 Liburnicis
1203 1904 1233 1955 et
1254 1898 1362 1957 classis
1385 1910 1446 1957 or-'

100 2007 182 2057 nato.
225 1996 366 2074 Denique
396 1997 507 2055 classes
538 1992 720 2055 Germanica
745 2007 776 2055 et
802 1997 976 2056 Pannonica
1001 2008 1031 2056 et
1057 1998 1136 2056 aliae
1162 1999 1275 2058 multae
1300 2001 1374 2075 quin
1401 2002 1431 2060 in

99 2099 206 2159 Rheno
239 2110 269 2158 et
299 2099 330 2158 in
358 2098 500 2158 Danuvio
529 2107 560 2157 et
591 2098 661 2156 alibi
694 2119 760 2157 cum
784 2099 920 2158 hostibus
942 2101 1151 2177 pugnaverint,
1183 2105 1251 2177 quis
1273 2112 1434 2180 propterea

98 2203 129 2260 in
163 2201 377 2260 dubitationem
412 2201 546 2274 vocabit,
578 2200 658 2277 quod
691 2201 728 2259 de
761 2201 910 2259 eiusmodi
942 2203 1050 2280 pugnis
1084 2210 1223 2263 auctores
1257 2205 1432 2264 tacuerunt?

99 2302 158 2364 Sed
193 2312 225 2363 ut
259 2304 315 2362 hoc
348 2304 495 2362 concedas
530 2303 609 2363 bella
640 2302 759 2361 navalia
787 2305 876 2363 etiam
903 2313 1000 2363 aetate
1029 2305 1223 2382 imperatoria
1248 2307 1343 2366 multa
1368 2309 1432 2384 geri

98 2385 234 2484 potuisse
261 2407 396 2482 adeoque
422 2414 509 2484 gesta
530 2423 599 2464 esse
623 2404 726 2476 videri,
754 2405 802 2463 hic
823 2407 921 2483 agitur
943 2406 1079 2466 debello
1101 2408 1280 2486 gravissimo
1307 2420 1338 2468 et
1362 2429 1430 2471 cum

99 2509 223 2568 summis
251 2508 359 2567 aerarii
387 2507 532 2584 angustiis
560 2508 734 2577 coniuncto;
763 2528 829 2566 nam
858 2527 932 2567 sane
957 2519 1082 2587 propter
1103 2510 1248 2585 proelium
1271 2511 1347 2570 illud
1369 2509 1431 2572 Ge·

97 2610 312 2670 nezerathense
347 2609 517 2686 similiaque
549 2609 664 2685 reliqua
696 2608 856 2670 Ostienses
887 2612 1012 2686 praedia
1042 2631 1099 2671 sua
1131 2633 1192 2671 non
1224 2613 1429 2673 vendiderunt.

97 2713 246 2789 Equidem
279 2713 336 2771 hoc
364 2711 483 2771 saeculo
517 2732 608 2771 unum
642 2713 739 2771 solum
772 2711 883 2771 bellum
906 2714 992 2787 nori,
1026 2714 1065 2772 ad
1087 2714 1167 2791 quod
1189 2715 1262 2774 talia
1283 2723 1362 2775 recte
1383 2736 1430 2775 re-

96 2815 168 2875 ferri
190 2816 317 2893 possint,
341 2815 455 2877 scilicet
476 2814 555 2891 quod
578 2814 698 2874 Marcus
720 2815 816 2891 gessit
837 2833 903 2873 cum
919 2816 1129 2876 Marcomanis.
1174 2815 1251 2876 Nam
1274 2836 1333 2894 quo
1355 2826 1429 2878 tem·

95 2938 169 2996 pore
209 2919 273 2995 ipse
314 2919 492 2996 imperator,
526 2938 591 2977 cum
624 2918 772 2977 aerarium
804 2917 984 2978 exhaustum
1017 2919 1147 2992 rideret,
1180 2919 1297 2979 civibus
1330 2931 1428 2980 autern

95 3021 241 3081 molestus
264 3037 332 3080 esse
358 3021 461 3091 nollet,
488 3039 542 3096 per
567 3020 643 3078 duos
665 3038 784 3079 menses
806 3020 921 3080 Romae
947 3022 977 3080 in
1000 3022 1066 3080 soro
1088 3023 1150 3081 divi
1171 3021 1294 3080 Traiani
1316 3025 1429 3083 auctio·

95 3143 163 3182 nem
178 3131 420 3182 ornamentorum
436 3123 635 3199 imperialium
658 3123 729 3182 fecit
751 3121 828 3197 (vita
845 3124 892 3181 11.
910 3122 962 3196 21;
985 3123 1150 3200 Eutropius
1166 3125 1195 3195 8,
1215 3126 1281 3200 13),
1304 3127 1332 3184 ei
1356 3137 1429 3185 tem-

96 3227 163 3302 pori
189 3233 268 3284 reete
293 3225 430 3305 convenit
456 3225 580 3284 colonos
605 3224 762 3284 Ostienses
792 3234 826 3283 ut
851 3227 1006 3303 pecuniam
1034 3236 1141 3304 sponte
1168 3245 1224 3286 sua
1251 3228 1289 3286 ad
1314 3228 1426 3288 bellum

95 3328 271 3404 promissam
300 3327 475 3386 exolverent
498 3327 619 3402 praedia
647 3345 702 3386 sua
732 3327 858 3386 rendere
892 3329 1033 3388 voluisse.
1078 3328 1143 3386 Nec
1172 3328 1301 3387 dubitari
1327 3338 1429 3406 potest

94 3430 172 3487 inter
199 3435 337 3505 sumptus
364 3429 429 3488 eius
456 3429 527 3487 belli
554 3446 645 3487 naves
672 3447 791 3505 quoque
822 3430 916 3489 fuisse
941 3430 979 3488 ad
1009 3430 1136 3490 classem
1164 3431 1370 3491 Pannonicam
1398 3444 1428 3491 et

95 3529 277 3589 Moesiacam
300 3530 476 3609 aagendam.
519 3530 660 3607 Denique
684 3529 823 3605 Gamala,
846 3551 932 3608 quem
955 3553 981 3591 a.
1008 3530 1065 3592 138
1089 3532 1308 3592 adulescentem
1334 3534 1427 3594 fuisse

94 3632 234 3704 vidimus,
264 3633 302 3690 ad
325 3652 352 3690 a.
375 3651 400 3691 c.
426 3632 484 3691 170
511 3632 649 3692 advivere
672 3635 779 3709 potuit.
822 3632 921 3708 Quam
946 3635 1069 3693 obrem
1093 3634 1164 3692 mihi
1191 3636 1265 3694 satis
1287 3643 1426 3695 constare

95 3735 211 3793 videtur
238 3734 286 3810 agi
315 3734 372 3794 boc
404 3733 469 3793 loco
497 3735 534 3794 de
566 3734 783 3811 pollicitatione
809 3736 888 3794 lacta
915 3737 953 3795 ab
976 3734 1169 3796 Ostiensibus
1197 3745 1333 3814 tempore
1354 3739 1425 3796 belli

93 3836 315 3897 Marcomanici.

229 4059 286 4118 IV.
328 4057 593 4121 TESTIMONIA
614 4058 771 4119 POPVLI
793 4059 850 4118 DE
872 4058 1046 4121 MERITIS
1069 4059 1288 4121 GAMALAE.

95 4279 109 4297 t
180 4245 206 4302 1.
250 4245 316 4304 laic
337 4256 433 4304 statas
450 4263 539 4305 aenea
556 4245 711 4322 μενοινὴν)
730 4246 879 4323 pab(lico)
902 4247 1114 4324 d(ecarionum)
1137 4247 1276 4323 d(ecreto)
1296 4248 1422 4324 posiae)

95 4358 136 4407 est
164 4342 205 4422 (Β
228 4345 298 4423 28);
327 4347 462 4406 similiter
484 4349 513 4405 A
535 4347 589 4407 38:
619 4351 684 4406 item
711 4349 819 4408 alento
848 4349 977 4426 (statua)
1007 4351 1035 4407 cl.
1063 4352 1091 4408 d.
1118 4369 1148 4426 p.
1172 4370 1203 4427 p.
1229 4353 1328 4427 posita
1355 4350 1423 4427 (eet)

86 4467 226 4525 proxume
247 4448 375 4520 ῑνίὸννιοῑ
396 4449 608 4526 praeceptoris).
1210 4521 1215 4530 ,

176 4549 204 4609 2.
249 4550 315 4609 laic
340 4561 436 4611 statua
461 4554 600 4611 inaurata
626 4549 764 4629 d(ccrcto)
792 4552 1002 4629 d(ecarioaam)
1024 4552 1179 4631 p(ecunio)
1201 4553 1350 4632 p(abltco)
1370 4573 1423 4630 po·

90 4657 148 4710 sita
168 4663 210 4712 est
230 4651 273 4729 (A
294 4651 358 4729 36).

175 4754 204 4813 3.
247 4755 321 4812 lanc
341 4755 505 4815 ἅνοννίννοο
519 4759 625 4832 sanae
645 4757 760 4833 publico
783 4758 952 4832 efferendam
975 4769 1141 4820 censuerunt
1163 4757 1205 4833 (A
1221 4759 1286 4834 44).
1323 4756 1421 4819 Simili

90 4855 222 4916 formula
243 4856 337 4916 utitur
357 4857 462 4917 titulus
484 4858 562 4918 alter
583 4857 738 4918 Ostiensis
761 4859 894 4919 Henneni
918 4881 945 4918 n.
967 4861 1058 4918 7011.
