3510 5812
210 457 283 528 328
784 477 965 528 nonrnrsuu

208 651 391 726 intellegitur
406 670 444 708 ex
468 651 554 708 fastis
571 650 764 709 Ostiensibus
787 649 926 725 (Henzen
944 650 1050 726 6446),
1073 649 1123 708 ubi
1148 659 1195 708 est
1208 649 1288 706 Heir
1303 669 1326 707 e.
1339 668 1372 725 p.
1389 669 1416 724 q.
1455 649 1541 707 Alibi

208 753 356 811 invenitur
377 772 424 829 qq.
441 771 464 810 c.
477 773 508 828 p.
534 753 673 828 (Henzen
695 753 800 829 6029),
823 754 904 810 IIoir
925 752 1144 829 quinquennalis
1167 749 1303 827 (Henzen
1328 750 1434 826 6709),
1456 753 1541 828 qaia-

210 855 360 931 qaerraalis
384 855 496 930 (Orelli
521 853 601 912 2204
625 872 716 931 supra
738 875 766 930 p.
785 855 868 929 325).

292 959 320 1014 4.
364 958 526 1033 q(aaestor)
548 955 698 1032 a(erarii),
726 959 806 1033 quod
831 977 890 1015 non
919 957 1028 1033 legitur
1054 957 1113 1014 nisi
1136 957 1165 1015 in
1188 957 1212 1015 B
1237 956 1293 1032 (7),
1320 955 1397 1014 redit
1418 956 1448 1014 in
1471 955 1542 1014 aliis

208 1060 304 1118 titulis
328 1060 446 1118 <luobus
470 1058 675 1130 Ostiensibus,
702 1078 828 1135 quorum
857 1060 980 1118 alterum
1008 1059 1042 1116 L.
1066 1058 1174 1118 Licinii
1198 1058 1329 1118 Herodis
1356 1058 1429 1116 baec
1453 1075 1542 1116 voea-

208 1163 280 1221 bula
302 1163 468 1238 perscripta
489 1161 646 1219 habentem
670 1171 758 1219 antea
781 1163 823 1238 (p.
842 1160 916 1237 325)
940 1161 1106 1234 attulimus,
1129 1161 1205 1220 alter
1226 1162 1297 1219 item
1319 1178 1412 1237 supra
1432 1179 1462 1237 p.
1479 1159 1538 1218 327

207 1265 317 1323 citatus
340 1263 395 1323 Cn.
420 1262 514 1323 Sentii
538 1263 649 1321 Felicis
672 1264 701 1320 in
725 1265 827 1322 ordine
849 1265 995 1322 honorum
1018 1271 1173 1321 enumerat
1193 1282 1221 1338 q.
1243 1282 1271 1320 a.
1300 1262 1421 1322 Oatieaa.
1445 1263 1540 1338 (eom-

206 1367 349 1444 pendium
376 1385 433 1424 non
462 1364 620 1423 admodum
649 1365 789 1423 usitatum
817 1364 895 1422 redit
915 1366 1018 1423 vol.V
1040 1364 1190 1439 abitt),
1218 1364 1325 1423 deinde
1352 1374 1422 1439 post
1450 1365 1543 1424 verba
1605 1397 1607 1401 π

208 1488 298 1545 supra
320 1468 414 1526 relata
435 1468 475 1525 ita
498 1467 607 1543 pergit:
632 1469 676 1525 laic
694 1473 807 1542 primas
830 1472 960 1537 omnium,
983 1487 1038 1544 qao
1059 1486 1133 1524 anae
1157 1464 1299 1542 dee(ario)
1322 1465 1477 1542 adl(ectas)
1501 1477 1543 1525 eat

208 1571 338 1646 (scilicet
359 1570 435 1627 inter
451 1568 629 1645 aedilitios),
653 1581 678 1628 et
698 1569 860 1646 q(aaestor)
883 1568 1021 1645 a(erarii)
1037 1567 1167 1645 sact(as)
1191 1577 1233 1626 eat
1253 1577 1278 1626 et
1300 1572 1330 1626 ia
1348 1566 1541 1645 prosira(am)

210 1691 313 1731 anneta
327 1673 409 1729 IIer'r
423 1670 615 1746 deotpertus)
632 1681 681 1730 est.
725 1669 812 1729 Unde
827 1672 898 1730 item
914 1672 1096 1750 intellegitur
1111 1677 1303 1747 quaesturam
1323 1671 1402 1745 apud
1419 1669 1540 1730 Ostien-

208 1793 256 1834 ses
289 1775 419 1833 muneris
447 1774 513 1832 loco
543 1773 637 1831 luisse
665 1775 788 1849 gradum
819 1785 929 1832 eertum
959 1775 1072 1832 nullum
1099 1773 1279 1842 obtinentis,
1306 1791 1371 1830 cum
1402 1773 1541 1831 aedilicio

207 1897 326 1954 quoque
354 1876 523 1935 conferatur
550 1894 646 1951 nequa
673 1876 861 1934 intervallum
881 1876 984 1934 ‘ullum
1008 1877 1177 1952 requiratur
1198 1876 1275 1934 iuter
1296 1894 1362 1933 eam
1385 1885 1415 1932 et
1435 1874 1541 1932 duovi-

207 1990 312 2038 ratum.
358 1979 463 2055 Itaque
491 1998 585 2054 neque
613 1978 787 2036 mirabimur
815 1976 973 2037 Gamalam
1002 1998 1038 2036 eo
1067 1996 1187 2036 munere
1213 1977 1345 2035 functum
1375 1995 1443 2036 esse
1470 1985 1541 2054 post

207 2100 363 2139 censuram
379 2100 475 2157 neque
489 2098 677 2157 quaeremus,
701 2099 753 2138 cur
775 2080 803 2137 in
827 2081 923 2138 altero
946 2080 1033 2137 titulo
1049 2088 1210 2154 quaestura
1228 2089 1446 2157 praetereatur3
1470 2099 1540 2137 nam

209 2185 336 2242 honores
360 2183 502 2241 ordinarii
526 2192 639 2241 tantum
668 2182 755 2239 modo
784 2187 815 2240 in
837 2182 930 2240 titulis
958 2182 1127 2240 necessario
1149 2182 1350 2257 requiruntur,
1373 2181 1540 2241 extraordi-

209 2286 284 2345 narii
309 2297 407 2344 autem
429 2287 559 2361 itemque
582 2303 705 2344 munera
727 2295 805 2343 reete
828 2286 1013 2343 omittuntur.
1031 2318 1068 2327 -
1085 2281 1224 2342 Ceterum
1239 2291 1415 2360 quaestores
1431 2284 1540 2342 aerarii

208 2388 258 2465 qui
282 2389 419 2446 dicuntur
442 2388 507 2445 sine
529 2387 619 2445 dubio
642 2405 745 2445 omues
767 2386 900 2445 Traiano
922 2386 1107 2462 posteriores
1131 2397 1212 2456 sunt3
1241 2406 1309 2445 nam
1338 2396 1406 2444 ante
1428 2385 1540 2445 eonsti-

208 2501 300 2549 tutam
330 2499 521 2564 quaesturam
555 2490 680 2548 alteram
713 2489 928 2547 alimentariam
957 2506 1050 2546 eausa
1076 2488 1159 2547 nulla
1190 2489 1257 2559 fuit,
1290 2508 1342 2548 eur
1370 2506 1429 2547 non
1458 2488 1540 2547 nudo

208 2593 378 2668 quaestoris
401 2592 522 2650 nomine
545 2593 611 2650 solo
634 2598 813 2650 uterentur?

293 2696 320 2752 5.
365 2693 554 2770 tabular(um)
578 2704 602 2751 et
625 2693 762 2750 librorum
790 2704 908 2752 carator
925 2697 1038 2769 priraae
1061 2697 1227 2752 constitutas
1255 2692 1340 2751 adest
1362 2694 1392 2751 in
1415 2693 1481 2752 solo
1503 2693 1540 2751 ti-

209 2796 269 2855 tulo
291 2796 458 2874 posteriore
480 2795 519 2871 (Β
542 2795 583 2870 8).
628 2794 726 2855 Curae
750 2795 815 2854 eius
836 2796 866 2853 in
889 2796 1060 2870 municipiis
1082 2796 1207 2853 alterum
1230 2794 1401 2870 exemplum
1425 2794 1539 2853 nullum

207 2900 290 2970 novi3
315 2917 462 2975 expressa
484 2908 531 2956 est
552 2898 590 2955 ad
613 2907 758 2956 curatores
779 2898 940 2955 tabularum
958 2897 1141 2974 publicarum
1164 2897 1296 2956 urbanos
1322 2916 1445 2955 numero
1468 2906 1539 2970 tres,

208 3002 259 3076 qui
286 3001 414 3076 primum
441 3001 605 3077 imperante
628 2999 754 3058 Tiberio
780 3000 935 3058 constituti
962 3010 1032 3058 suut
1058 3000 1094 3057 ad
1117 3000 1237 3058 tabulas
1265 2999 1403 3058 tabularii
1426 2999 1539 3076 publici

206 3101 418 3161 instaurandas
440 3103 488 3159 vel
511 3100 695 3178 supplendas
718 3102 802 3176 (raim.
827 3101 1005 3161 Staatsrectt
1025 3100 1076 3173 22,
1094 3102 1178 3179 545).

293 3205 320 3264 6.
365 3215 479 3263 carator
497 3208 637 3280 pecuniae
654 3205 788 3280 publicae
810 3206 962 3281 ceipeadae
991 3216 1017 3264 et
1036 3205 1232 3264 attribuendae
1252 3208 1282 3263 ia
1306 3209 1424 3264 cambiis
1439 3207 1539 3280 sactes

209 3306 249 3383 (B
275 3307 312 3364 14
345 3307 412 3365 loco
444 3325 548 3383 parum
576 3307 660 3383 apto)
694 3307 758 3365 aive
783 3311 814 3364 ia
847 3311 953 3366 comitia
973 3310 1073 3384 fectus
1101 3315 1218 3367 carator
1241 3312 1381 3383 pecuniae
1403 3308 1540 3384 publicae

208 3410 361 3484 eaiqcadae
382 3420 407 3468 et
428 3410 635 3467 adtribaeadae
649 3409 690 3484 (A
708 3410 740 3483 9)
763 3419 796 3467 ut
816 3409 887 3467 item
910 3411 940 3467 in
956 3388 1126 3486 municipiis
1141 3420 1297 3487 praeterea
1316 3415 1380 3470 sine
1399 3410 1538 3488 exemplo

208 3520 264 3582 est,
286 3512 329 3568 ita
349 3530 409 3568 non
432 3511 529 3568 minus
553 3521 631 3569 recte
654 3519 848 3586 componetur
868 3531 934 3569 eum
957 3512 1054 3570 tribas
1071 3512 1142 3569 viris
1163 3530 1240 3589 quos
1256 3510 1404 3572 Claudius
1426 3513 1540 3571 crearit

208 3603 370 3696 πράκτορας
384 3613 440 3669 τῶν
456 3613 496 3688 τῷ
511 3605 632 3688 δημοσίῳ
647 3603 833 3689 ὄφειλομένων
849 3613 924 3689 (Dio
937 3614 986 3684 60,
1001 3613 1053 3683 1ος
1076 3613 1255 3672 Staatsrecltt
1269 3612 1318 3684 2⁹,
1332 3613 1416 3690 545).
1451 3612 1540 3687 Quod

208 3715 334 3774 adicitur
356 3717 386 3772 ia
401 3716 507 3772 comitia
519 3717 628 3790 saetas,
650 3714 680 3772 id
704 3733 770 3773 eum
792 3716 889 3774 solum
905 3716 1033 3790 priorem
1054 3715 1172 3775 titulum
1187 3714 1382 3786 habebamus,
1404 3714 1539 3792 procliue

208 3825 272 3876 erat
287 3818 398 3875 referre
415 3817 453 3875 ad
474 3835 631 3875 censuram
654 3835 731 3893 quae
753 3817 918 3893 praecedit3
941 3835 1121 3892 quamquam
1144 3836 1211 3875 cum
1227 3835 1369 3877 censores
1393 3817 1423 3874 in
1446 3819 1537 3875 eomi-

208 3920 257 3976 tiis
284 3937 388 3977 omnes
411 3929 547 3977 creentur
573 3919 602 3976 id
629 3919 862 3977 additamentum
885 3921 911 3977 ei
938 3918 1126 3995 magistratui
1152 3938 1258 3995 parum
1281 3919 1429 3977 convenit.
1472 3920 1537 3977 lam

208 4021 326 4097 prolato
349 4021 434 4079 titulo
457 4021 621 4098 posteriore
645 4030 750 4097 sponte
772 4028 897 4097 apparet
918 4020 957 4078 ad
978 4039 1079 4078 curam
1102 4020 1133 4078 id
1154 4021 1331 4080 trahendum
1354 4038 1431 4093 esse,
1461 4040 1539 4097 quae

208 4142 296 4182 curae
319 4142 383 4179 cum
414 4124 545 4182 maxime
572 4131 668 4181 aetate
694 4122 887 4199 imperatoria
913 4123 1088 4198 plerumque
1115 4123 1152 4180 ab
1181 4123 1283 4180 ordine
1306 4122 1455 4195 darentur,
1478 4141 1538 4182 non

209 4225 272 4282 sine
306 4226 413 4282 idonea
446 4243 539 4283 causa
571 4224 649 4282 adici
681 4224 778 4300 potuit
809 4224 888 4281 hune
915 4234 1081 4284 curatorem
1110 4224 1213 4302 populi
1243 4225 1398 4300 suffragiis
1428 4225 1538 4284 lectum

208 4345 283 4385 esse.
301 4360 337 4370 —
357 4326 496 4385 Ceterum
523 4344 582 4403 quo
612 4326 716 4385 ordine
738 4326 786 4384 hic
813 4328 910 4384 honor
938 4333 968 4384 et
993 4327 1130 4401 proxime
1153 4326 1334 4402 praecedens
1357 4343 1390 4385 se
1412 4345 1539 4403 excepe-

209 4428 276 4500 rint,
300 4429 472 4507 ambiguum
493 4438 546 4488 est.

309 4653 362 4711 Ill.
405 4649 745 4712 LIBERALITATES
770 4648 979 4710 GAMALAE
1001 4649 1046 4708 IN
1066 4650 1104 4709 R.
1127 4651 1163 4710 P.
1187 4647 1439 4711 OSTIENSEM.

295 4841 321 4896 1.
364 4840 401 4895 Ia
429 4839 512 4897 lacios
539 4859 601 4898 cam
627 4842 782 4915 accepisset
804 4837 946 4914 publie(e)
970 4837 1059 4909 lucar,
1085 4840 1192 4896 remisit
1217 4846 1243 4895 ct
1268 4838 1303 4894 de
1324 4855 1376 4894 sao
1398 4842 1540 4913 crepatio-

207 4958 269 4997 aem
283 4942 357 5015 fecit
378 4938 421 5013 (A
440 4937 491 5014 12)
515 4939 579 4999 sive
595 4942 678 4999 ludos
701 4958 793 4997 orares
814 4958 884 5014 qaas
898 4942 969 5014 jecit
988 4940 1172 5015 amplificavit
1191 4942 1320 5014 impertae
1341 4957 1396 4997 aaa
1418 4939 1458 5013 (B
1477 4939 1541 5015 10).

208 5041 303 5099 Tituli
327 5040 385 5096 duo
408 5041 528 5099 diversa
549 5041 707 5099 enuntiant
727 5059 822 5115 neque
844 5050 941 5097 tamen
964 5039 1124 5108 contraria,
1147 5039 1259 5097 seilicet
1280 5040 1358 5099 alter
1379 5040 1540 5101 Gamalam

207 5143 249 5200 rei
274 5162 301 5216 p.
326 5142 409 5198 lucar
430 5142 582 5201 remisisse
604 5142 658 5216 (cf.
682 5141 859 5200 Staetareclrt
881 5137 931 5211 22,
958 5139 1005 5197 59.
1029 5140 1094 5215 63),
1116 5140 1192 5198 alter
1214 5160 1281 5198 eum
1306 5141 1373 5218 plus
1396 5143 1426 5201 in
1448 5142 1536 5202 ludos

208 5243 391 5319 impendisse
413 5260 503 5318 quam
526 5252 685 5319 oporteret.
