3510 5812
206 469 279 539 332
456 491 639 543 urouusuu
666 491 1281 545 osssnvnrrousssr1sssrmcsu.

290 662 513 740 Orthograpbia
535 665 688 723 titulorum
712 665 866 724 sollemnis
888 674 944 736 est,
970 667 1002 722 in
1023 665 1197 743 adiaphoris
1224 671 1322 724 autem
1345 663 1454 722 solitae
1475 681 1542 720 am·

205 764 374 840 biguitatis3
397 766 440 823 ita
461 768 650 844 reperiuntur
673 768 791 826 allectus
814 770 842 824 A
867 769 895 838 5,
922 768 1118 826 attribuendus
1139 767 1165 825 B
1191 768 1239 837 15,
1266 766 1427 842 collapsum
1447 765 1474 823 B
1499 762 1539 823 26

206 874 235 923 et
257 867 464 927 adtribueudue
487 871 511 925 A
533 872 580 939 ll,
603 871 729 929 adlectus
751 870 867 928 Bs-
884 873 1001 928 consitiis
1023 870 1048 928 B
1068 871 1104 928 15
1127 877 1157 928 et
1179 871 1288 928 comitis
1310 868 1372 926 As
1391 902 1429 912 -
1450 886 1540 926 musa

207 967 233 1024 B
258 967 295 1026 28
319 972 476 1028 stulterum
498 973 526 1028 A
544 971 582 1029 38
599 1008 636 1016 -
653 973 795 1031 Volcanus
817 974 845 1030 A
870 971 906 1030 21
932 972 957 1029 Β
982 972 997 1029 3
1023 981 1052 1029 et
1069 971 1216 1030 Vollcunus
1240 974 1269 1030 A
1291 972 1320 1029 4.
1363 970 1461 1047 Magis
1479 989 1541 1028 me·

207 1071 351 1128 morabile
378 1081 437 1145 est,
464 1074 544 1148 quod
571 1074 709 1133 archaice
735 1074 880 1150 quaedam
907 1073 1106 1145 offenduntur,
1140 1074 1253 1133 scilicet
1269 1092 1408 1150 promume
1428 1071 1543 1148 legitur

205 1174 232 1230 A
251 1174 300 1244 39,
323 1176 393 1233 item
416 1195 482 1233 cum
503 1178 616 1251 passim
639 1176 786 1235 scribatur
806 1180 940 1252 pecunia,
965 1176 1055 1235 semei
1079 1185 1127 1234 est
1143 1196 1210 1253 paq.
1227 1176 1252 1234 B
1271 1175 1320 1248 28,
1341 1193 1418 1252 quae
1440 1174 1541 1233 forma

206 1284 275 1350 post
294 1278 465 1353 Augustum
481 1279 605 1337 rarescit
620 1297 715 1355 neque
737 1291 837 1337 tamen
860 1280 947 1354 plane
989 1280 1147 1338 evanescit.
1190 1278 1268 1337 Nam
1291 1286 1410 1356 praeter
1432 1276 1541 1335 titulos

206 1379 313 1435 aetatis
341 1378 467 1437 Flaviae
496 1379 780 1455 (v01.11n.2041;
810 1381 834 1439 I.
850 1381 888 1440 R.
903 1380 942 1441 N.
967 1380 1057 1440 2020.
1082 1379 1177 1456 2541)
1205 1380 1330 1440 eandem
1358 1380 1539 1458 scripturam

207 1479 318 1538 habent
334 1482 457 1539 secundi
474 1482 585 1540 saeculi
602 1483 660 1540 duo
675 1482 835 1541 Puteolani
851 1484 927 1542 alter
941 1484 1009 1543 anni
1032 1503 1061 1560 p.
1078 1481 1150 1541 Chr.
1170 1482 1224 1541 161
1251 1482 1391 1558 (Henzen
1408 1480 1540 1558 teiln),

208 1581 283 1639 alter
305 1582 344 1655 (I.
368 1582 405 1641 R.
428 1582 467 1641 N.
492 1582 588 1659 2517)
611 1584 680 1642 anni
709 1603 739 1659 p.
763 1582 833 1643 Chr.
860 1585 928 1644 187.
973 1584 1058 1643 Vitia
1084 1587 1230 1644 sermonis
1261 1586 1320 1644 duo
1350 1585 1543 1663 reperiuntur

211 1681 366 1743 Ostiesibus
388 1687 415 1741 A
440 1683 479 1742 20
501 1695 530 1743 et
552 1687 737 1744 trichilinium
759 1689 787 1745 A
813 1686 849 1744 17
856 1708 864 1756 ;
892 1705 1073 1763 quamquam
1097 1687 1171 1745 haec
1193 1687 1409 1766 orthographia
1431 1685 1542 1744 Latine

207 1784 336 1844 sortasse
359 1786 477 1846 defendi
500 1796 608 1864 potest,
637 1797 716 1846 certe
738 1788 815 1847 redit
837 1797 896 1846 tam
919 1791 950 1846 iu
972 1789 1059 1847 titulo
1082 1788 1276 1848 Henzeniano
1299 1811 1327 1848 n.
1345 1788 1425 1848 7372
1449 1806 1542 1865 quam

206 1888 238 1945 iu
264 1889 359 1948 altero
387 1890 515 1961 inedito,
545 1909 632 1966 quem
656 1903 724 1948 ante
746 1891 857 1950 multos
881 1909 975 1949 annos
997 1891 1142 1969 descripsi
1166 1891 1280 1950 Romae
1302 1893 1332 1951 in
1355 1891 1543 1951 columbario

208 1987 395 2068 Campanae:
417 1993 512 2052 Batus
538 1992 569 2050 C.
595 1992 693 2051 Ceioni
714 1995 788 2068 disp.
811 1995 851 2051 nd
872 1995 1065 2052 trichilinium.

1242 2096 1300 2155 Tu.
1325 2097 1498 2156 Mouusars.

427 2702 744 2796 ADDENDA
773 2703 855 2794 ET
886 2699 1326 2797 CORRIGENDA.

295 2925 330 2982 ln
363 2925 467 2983 tabula
502 2926 577 3001 legis
610 2923 793 2984 Ursonensis
832 2925 950 2983 adiecta
983 2927 1113 3002 paginae
1145 2925 1234 2983 huius
1268 2923 1467 2999 ephemeridis
1503 2924 1547 2983 90

211 3026 301 3101 [Tab.
317 3026 355 3098 V,
379 3029 416 3086 ed
437 3026 494 3102 IV]
517 3028 614 3086 scribe

328 3127 403 3188 *Coi
418 3131 467 3188 ΠΙ
490 3149 517 3187 v.
536 3131 573 3188 33
598 3130 877 3206 somensac-(pro
902 3129 1142 3206 souvnrvnoye)

295 3233 329 3289 In
352 3232 447 3291 altera
468 3233 572 3291 tabula
594 3231 684 3307 [Tab.
705 3231 760 3306 VI,
784 3235 831 3292 ed.
846 3233 887 3308 V]
909 3234 1005 3292 scribe

337 3331 401 3392 Col.
420 3335 451 3392 II
474 3334 537 3394 v.4
559 3335 589 3392 iu
612 3335 670 3392 line
693 3350 788 3393 varro
804 3366 811 3379 ·
828 3351 907 3392 nsvr
931 3337 999 3411 (pro
1023 3335 1114 3411 nava)

337 3434 403 3495 Col.
420 3437 465 3494 111
487 3457 514 3494 v.
531 3437 548 3495 9
571 3437 603 3495 in
624 3436 682 3494 fine
705 3452 869 3497 nsoonvn
885 3468 891 3482 ·
908 3455 1017 3496 parvm
1032 3467 1038 3481 ·
1056 3453 1120 3495 san
1142 3437 1211 3513 (pro
1234 3436 1526 3513 nsoonvm·aa1r)

1255 3541 1340 3600 Asu.
1357 3537 1502 3599 Huanaa.

296 3930 344 3988 Ad
367 3949 396 4005 p.
414 3930 482 3989 236.
527 3929 671 3989 Vatrcinii
701 3928 835 4008 Sibyllae
863 3931 944 4006 quod
978 3930 1019 3988 ibi
1052 3929 1130 3987 edidi
1166 3929 1281 3986 monuit
1302 3927 1424 3986 Dessau
1459 3946 1548 4004 prae-

214 4034 405 4110 scriptionem
428 4050 548 4108 quoque
570 4032 601 4090 in
622 4033 700 4090 libro
723 4031 870 4091 Vaticano
893 4050 1051 4108 superesse
1078 4031 1145 4089 loeo
1174 4047 1229 4087 suo
1257 4037 1377 4088 motam.
1422 4027 1549 4088 Scilicet

213 4144 282 4211 post
304 4134 477 4192 vaticinium
499 4134 519 4191 f.
536 4130 565 4190 2‘
588 4139 674 4209 sequi
703 4134 820 4193 titulum
844 4133 999 4191 Dumoutii
1023 4132 1098 4203 tud,
1125 4132 1232 4189 deinde
1254 4132 1342 4189 haec:
1381 4129 1471 4206 Apud
1491 4130 1548 4188 Pe·

213 4238 336 4295 rimium
363 4236 505 4293 Thraciae
526 4236 592 4293 olim
614 4237 798 4311 metropolim,
826 4255 913 4313 quum
941 4236 1023 4293 liudis
1044 4234 1218 4292 Heracleam
1240 4235 1337 4292 dicum
1357 4241 1493 4291 uetustum
1515 4235 1548 4290 in

213 4339 382 4415 Propontico
405 4340 544 4396 civitatem
559 4337 656 4411 jutole
678 4347 705 4395 et
719 4338 892 4412 Sibyllinum
914 4337 966 4395 lroc
988 4340 1163 4413 epiprummu
1185 4339 1369 4411 comperimus
1391 4337 1549 4410 adipsum

213 4441 459 4517 metropolitanum
485 4439 584 4497 leutos
609 4442 730 4515 uirpmis
757 4441 855 4498 aedem
881 4441 922 4497 ad
946 4439 1074 4496 deutrum
1107 4456 1178 4496 urae
1205 4449 1319 4513 purtem
1345 4441 1376 4495 in
1408 4454 1552 4494 marmore

217 4542 337 4601 Graecis
361 4543 461 4600 litteris
488 4552 513 4600 et
533 4544 642 4600 eximiis
664 4543 855 4618 consculptum
877 4542 919 4599 ud
935 4543 1016 4616 prid.
1037 4540 1103 4597 idus
1124 4538 1199 4614 Aup.
1223 4538 1350 4615 Eupenii
1368 4549 1447 4615 pom.
1470 4557 1548 4597 mas.

213 4664 290 4701 anno
306 4643 418 4701 XIIII.
460 4643 536 4701 Post
557 4661 623 4699 eam
645 4644 869 4720 inscriptionem
891 4660 1001 4700 vacare
1022 4658 1127 4700 versus
1153 4658 1218 4712 sex,
1242 4640 1348 4698 deinde
1371 4641 1453 4716 sequi
1477 4640 1552 4697 titu-

214 4747 274 4803 lum
299 4745 455 4803 Dumoutii
484 4743 556 4802 lia.
601 4743 732 4820 Liquido
761 4754 887 4821 apparet
913 4744 942 4801 in
974 4743 1071 4818 spatio
1097 4742 1149 4799 illo
1177 4760 1273 4800 vacuo
1300 4742 1454 4802 oraculum
1480 4761 1549 4819 per-

216 4848 332 4904 scriben
356 4846 425 4904 dum
447 4847 551 4918 fuisse,
575 4857 653 4904 recte
675 4847 765 4923 igitur
787 4849 824 4905 de
846 4866 881 4904 eo
904 4827 1087 4904 iudicavisse*
1107 4843 1372 4902 Wilamovitzium.

1248 4945 1504 5004 T11.M0uusuu.
