3510 5812
586 515 635 565 nn
664 515 1190 570 1011111113111151111113.
1481 501 1552 572 907

221 706 292 747 esse
313 687 350 746 ad
372 707 526 746 numerum
550 707 588 746 ex
612 707 635 746 s.
659 707 683 747 c.
707 687 860 749 Neronem
884 689 1045 749 Caesarem
1067 688 1187 751 Claudii
1217 693 1295 769 Aug.
1316 693 1410 752 filium
1432 713 1557 771 eamque

222 792 263 850 ob
288 810 351 850 rem
378 791 545 850 institutam
575 808 642 850 esse
665 790 816 850 decuriam
839 792 1011 852 vicesimam
1039 795 1197 870 septimam
1221 794 1373 869 (decurias
1395 797 1472 855 enim
1496 798 1557 855 sin-

220 893 309 970 gulos
336 893 420 953 locos
449 893 620 952 sodalitatis
649 893 743 953 luisse
769 905 893 953 vocatos
920 915 958 953 ex
986 896 1074 954 lastis
1102 897 1320 974 cognoscitur),
1355 917 1382 955 a.
1405 918 1434 975 p.
1458 898 1492 958 C.
1517 901 1553 958 71

222 994 372 1055 adlectum
395 1013 463 1056 esse
483 996 521 1054 ad
544 1015 699 1055 numeram
722 1015 760 1055 ex
782 1015 805 1055 s.
828 1017 853 1056 c.
874 997 910 1055 T.
932 996 1094 1057 Caesarem
1111 998 1291 1075 Vespasiani
1315 1000 1409 1058 filiurn
1432 1001 1556 1060 factam·

220 1114 280 1174 que
302 1098 453 1157 decuriam
475 1099 648 1158 vicesimam
670 1109 821 1171 octavam3
849 1101 893 1157 ita
914 1109 947 1156 ut
969 1101 1005 1160 ab
1028 1120 1055 1160 a.
1079 1103 1116 1159 5l
1141 1119 1237 1177 usque
1260 1101 1299 1160 ad
1320 1121 1346 1160 a.
1371 1102 1408 1161 71
1433 1104 1555 1163 sodales

219 1202 408 1279 Augustales
430 1200 542 1261 fuerint
555 1201 660 1277 viginti
683 1211 808 1278 septem,
831 1202 870 1261 ab
892 1221 919 1259 a.
937 1202 973 1259 71
997 1220 1092 1279 usque
1114 1204 1151 1261 ad
1174 1204 1255 1293 181
1281 1203 1355 1281 (quo
1372 1222 1450 1263 anuo
1465 1206 1554 1265 Titus

219 1310 357 1362 mortuus
379 1302 440 1379 est)
462 1303 569 1381 viginti
591 1312 674 1376 octo;
702 1323 769 1363 nam
792 1313 862 1382 post
883 1323 911 1361 a.
935 1303 972 1363 81
998 1305 1105 1363 iterum
1128 1306 1167 1363 ad
1188 1305 1292 1381 viginti
1316 1314 1431 1383 septem
1453 1327 1555 1368 nume·

220 1424 289 1463 rum
310 1405 423 1464 redacti
447 1412 518 1464 sunt
539 1423 606 1464 cum
628 1406 659 1464 in
675 1405 738 1464 Titi
757 1405 903 1464 demortui
926 1406 1025 1465 locum
1048 1426 1135 1466 nemo
1158 1408 1199 1465 sit
1221 1409 1378 1480 suffectum
1400 1428 1554 1488 vacuaque

219 1507 335 1565 mansit
356 1506 476 1567 decuria
497 1508 641 1567 vicesima
664 1515 770 1567 octava
796 1508 951 1585 usquead
974 1528 1084 1567 annum
1109 1510 1166 1568 197
1190 1528 1251 1586 quo
1273 1511 1379 1570 iisdem
1401 1512 1489 1571 lastis
1512 1522 1553 1570 tc-

222 1609 320 1668 atibus
335 1607 496 1669 Caracalla
516 1627 609 1689 snper
630 1630 786 1670 numerum
809 1631 848 1669 ex
871 1629 895 1669 s.
912 1630 936 1670 c.
954 1618 1111 1689 cooptatus
1135 1612 1223 1686 est1).
1267 1611 1432 1673 Numerum
1449 1615 1553 1690 viginti

219 1720 288 1771 octo
309 1730 370 1770 non
391 1712 537 1785 videntur
556 1696 725 1774 excessisse
754 1714 875 1773 sodales
897 1715 1092 1791 Augustales.
1138 1713 1198 1775 Sed
1223 1733 1291 1773 cum
1319 1734 1346 1774 a.
1371 1718 1406 1775 51
1433 1715 1554 1776 Nerone

219 1830 314 1890 snpra
335 1833 492 1874 numerum
513 1825 652 1895 cooptato
675 1816 796 1875 decuria
813 1817 956 1874 vicesima
977 1817 1105 1894 septima
1126 1817 1263 1876 instituta
1285 1819 1332 1889 sit,
1356 1828 1453 1890 antea,
1476 1819 1554 1878 inter

218 1934 315 1975 annos
341 1918 483 1977 nimirum
508 1920 546 1976 14
568 1927 598 1977 et
620 1919 669 1991 51,
699 1919 849 1978 decuriam
875 1918 1007 1995 aliquam
1036 1919 1209 1978 vicesimam
1238 1927 1355 1979 sextam
1379 1922 1470 1979 veteri
1499 1942 1552 1980 nu·

218 2036 302 2076 mero
324 2018 455 2079 additam
478 2039 544 2080 esse
572 2029 807 2081 consentaneum
834 2029 892 2092 est3
920 2039 1046 2096 cumque
1067 2021 1136 2080 inde
1158 2021 1196 2080 ab
1218 2041 1245 2081 a.
1269 2024 1306 2082 51
1331 2024 1479 2083 neminem
1502 2042 1552 2083 su-

216 2139 275 2197 pra
301 2140 457 2181 numerum
485 2142 552 2182 esse
578 2131 748 2199 cooptatum
775 2123 834 2181 nisi
860 2124 1075 2199 imperatorum
1103 2124 1181 2181 filios
1203 2124 1273 2183 lasti
1298 2126 1432 2198 doceant,
1462 2128 1551 2185 etiam

215 2222 295 2282 inter
315 2242 414 2284 annos
440 2226 478 2283 14
500 2234 530 2284 et
552 2227 588 2285 51
614 2246 652 2285 ex
676 2226 765 2285 domo
786 2226 916 2302 Augusti
933 2226 1164 2285 'adulescentem
1188 2226 1315 2303 aliquem
1337 2229 1375 2286 ad
1397 2248 1549 2288 numerum

218 2325 365 2384 sodalium
393 2326 541 2386 adlectum
570 2346 638 2386 esse
666 2328 856 2387 statuendum
885 2336 939 2386 est.
984 2326 1120 2404 Cogitari
1146 2337 1245 2405 potest
1270 2337 1300 2388 et
1321 2330 1357 2388 de
1379 2330 1500 2390 Nerone
1522 2339 1552 2389 et

217 2426 380 2487 de'Drusu
402 2427 573 2489 Germanici
602 2431 672 2488 filiis
695 2429 809 2489 Tiberii
836 2431 1009 2506 nepotibus3
1038 2430 1090 2489 sed
1118 2449 1185 2489 cum
1213 2430 1365 2490 Neronem
1393 2433 1423 2491 in
1451 2434 1548 2493 locum

215 2529 311 2604 patris
332 2550 361 2590 a.
386 2531 423 2590 19
447 2530 595 2590 demortui
619 2531 774 2590 suffectum
805 2550 872 2591 esse
894 2532 1050 2608 probabile
1072 2533 1120 2603 sit,
1144 2532 1277 2592 Drusum
1301 2554 1327 2591 a.
1353 2532 1390 2591 23
1415 2542 1485 2611 toga
1505 2537 1549 2593 vi-

217 2630 267 2689 rili
289 2641 408 2709 sumpta
434 2651 525 2710 supra
550 2653 704 2693 numerum
727 2644 899 2712 cooptatum
923 2643 952 2692 et
977 2635 1008 2691 in
1031 2634 1096 2692 eius
1119 2634 1263 2693 honorem
1286 2636 1458 2695 vicesimam
1482 2654 1548 2695 sex-

215 2738 277 2792 tam
301 2733 448 2794 sodalium
471 2736 684 2813 Augustalium
705 2737 855 2795 decuriam
876 2754 945 2795 esse
966 2737 1159 2795 constitutam
1182 2737 1245 2795 veri
1268 2737 1366 2796 simile
1389 2737 1478 2814 estl).

300 2833 448 2897 Senatorii
476 2846 591 2898 tantum
619 2839 733 2898 ordinis
763 2840 899 2898 homines
927 2838 966 2897 ad
994 2838 1114 2898 sodales
1142 2839 1328 2917 Augustales
1355 2841 1468 2899 aditum
1496 2842 1548 2899 ha-

214 2937 318 2998 buisse
346 2947 376 2997 et
403 2959 441 2999 ex
466 2942 673 3019 exemplorum
700 2942 786 3019 copia
813 2960 902 3017 quam
930 2941 1143 3017 inscriptiones
1169 2943 1313 3019 praebent
1340 2941 1496 3021 apparet³)
1518 2952 1548 3002 et

213 3039 285 3100 inde
301 3041 388 3128 ¹quod
410 3043 606 3121 imperatores
629 3063 749 3121 quoque
771 3045 849 3102 inter
872 3043 992 3102 sodales
1015 3045 1150 3121 cooptari
1173 3045 1324 3105 solebant:
1349 3046 1546 3122 nequeenim

213 3143 413 3221 imperatores
435 3164 575 3223 umquam
599 3147 798 3206 sacerdotium
821 3154 958 3222 equestre
984 3147 1155 3225 suscepisse
1177 3147 1333 3224 probabile
1355 3147 1451 3224 est⁴);
1476 3167 1545 3208 oon-

213 3253 262 3305 tra
289 3246 422 3322 plebeios
451 3266 571 3324 quoque
599 3249 737 3308 homines
766 3268 821 3308 nec
853 3249 997 3326 patricios
1030 3249 1127 3308 solum
1159 3250 1310 3309 admissos
1342 3268 1410 3309 esse
1439 3250 1546 3310 docent

214 3349 355 3426 exempla
376 3349 491 3410 Valerii
513 3351 641 3428 Festii),
665 3351 715 3428 qui
738 3361 897 3428 postquam
921 3352 977 3410 sub
1000 3349 1121 3409 Nerone
1142 3352 1278 3411 tribunus
1301 3352 1398 3429 plebis
1421 3352 1477 3411 suit
1499 3371 1546 3412 so·

215 3449 291 3510 dalis
313 3452 491 3529 Augustalis
513 3454 610 3512 factus
632 3463 688 3525 est,
714 3453 750 3511 P.
775 3454 856 3513 Aelii
878 3453 1026 3512 Hadriani
1049 3455 1113 3513 eius
1137 3454 1187 3531 qni
1208 3463 1315 3533 postea
1343 3454 1545 3533 imperaviti),

213 3552 310 3612 multa
330 3554 433 3632 alial).
475 3553 584 3632 Neque
611 3573 682 3616 vero
708 3576 774 3615 eum
803 3574 889 3615 usum
916 3557 967 3633 qui
995 3557 1107 3616 liberae
1129 3557 1172 3616 rei
1200 3558 1335 3634 publicae
1358 3567 1493 3637 tempore
1514 3559 1545 3617 in

211 3825 309 3875 tionem
333 3842 386 3877 non
408 3826 479 3877 facit.
518 3830 575 3877 Iam
599 3829 620 3877 si
641 3827 756 3879 Gallicus
781 3834 836 3877 erat
859 3827 956 3877 sodalis
983 3829 1084 3892 collegii
1108 3829 1162 3877 divi
1182 3831 1293 3893 Augusti
1319 3830 1421 3894 divique
1441 3830 1543 3879 Claudii

212 3916 292 3968 cultui
311 3919 416 3982 addicti,
437 3919 504 3970 banc
524 3935 578 3970 rem
597 3921 624 3970 in
644 3920 757 3969 carmine
774 3919 927 3969 Domitiano
947 3920 1089 3984 imperante
1109 3921 1254 3984 conscripto
1274 3937 1327 3970 non
1346 3923 1544 3971 commemorari

210 4012 288 4062 facile
306 4012 464 4076 explicatum
484 4014 505 4063 si
525 4028 607 4077 augur
625 4013 716 4061 luisset
735 4012 898 4062 0111111111-
914 4012 942 4060 id
961 4012 1030 4076 quod
1049 4012 1207 4077 Borghesius
1230 4012 1300 4078 (opp.
1316 4014 1341 4074 1,
1356 4013 1418 4063 349.
1438 4012 1463 4073 3,
1479 4013 1542 4073 395)

167 4108 169 4112 ’
210 4106 340 4154 1111111-
355 4105 431 4154 valde
450 4106 543 4154 mirum
563 4112 638 4165 esset,
653 4110 804 4169 auguratum
823 4105 856 4152 ab
876 4105 1000 4168 Apolline
1019 4105 1196 4170 praetermitti.

291 4195 314 4257 ¹)
352 4196 476 4247 Sodalem
489 4197 658 4261 Augustalem
677 4197 757 4245 fuisse
771 4196 932 4246 Caracallam
952 4197 1049 4265 nunrmi
1065 4212 1166 4262 quoque
1187 4205 1264 4247 testes
1283 4205 1342 4247 sunt
1360 4197 1429 4261 apud
1443 4196 1542 4246 111111111-

210 4286 275 4337 llum
294 4286 321 4336 d.
339 4302 365 4336 n.
388 4289 412 4349 7,
428 4288 480 4337 200
506 4296 531 4338 et
550 4288 640 4339 Colren
663 4286 754 4338 Carae.
776 4290 824 4351 3⁶23
849 4290 882 4339 ci.
901 4288 1027 4354 Borghesi
1051 4305 1111 4354 opp,
1135 4294 1159 4351 1,
1175 4290 1237 4340 351.
1276 4290 1421 4339 Mommsen
1441 4287 1541 4339 Stacta-

209 4375 282 4428 recbt
301 4380 326 4440 2,
343 4381 413 4430 1018
432 4395 458 4430 1.
473 4382 499 4429 2.

288 4466 314 4535 ¹)
354 4471 395 4522 Of.
415 4466 474 4537 eph.
495 4487 535 4537 ep.
556 4472 581 4534 9,
596 4473 639 4522 70.

288 4559 313 4624 ³)
351 4563 419 4613 Vide
438 4565 544 4615 Henzen
564 4565 617 4614 ind.
637 4581 662 4628 p.
678 4566 722 4615 46.

286 4653 312 4716 ⁴)
351 4655 391 4705 ct.
411 4671 476 4721 quae
496 4657 562 4706 dixit
581 4656 757 4707 Mommsenus
777 4655 1067 4720 Stcatsrecdt2,1016
1088 4659 1120 4707 de
1140 4658 1296 4708 curionibus.

287 4744 311 4808 ⁵)
349 4747 497 4799 Wilmanns
518 4751 598 4800 1147.

286 4834 311 4899 ⁶)
349 4840 497 4891 Wilmanns
516 4840 583 4891 93⁷:
623 4840 655 4892 Ρ.
676 4842 751 4892 Aelio
771 4841 802 4892 P.
815 4843 841 4907 f.
863 4842 936 4910 Serg.
955 4840 1102 4905 Hadriano,
1123 4879 1130 4892 .
1150 4879 1157 4893 .
1178 4877 1185 4892 .
1205 4841 1292 4892 sodali
1310 4841 1455 4910 Augustali,
1477 4877 1484 4893 .
1504 4877 1539 4893 ..

208 4926 334 4997 tn'biaao)
353 4930 466 4998 11εὸ01).

287 5020 312 5085 π)
350 5025 497 5075 Wilmanns
518 5029 597 5076 1173.
620 5027 699 5078 1181.
721 5029 800 5078 1134.
821 5030 900 5079 1189.
922 5032 1001 5080 1210.
1024 5031 1093 5079 1217
1107 5036 1155 5080 etc.
1188 5030 1307 5079 Ceterum
1326 5029 1441 5093 plebeios
1458 5027 1539 5077 fuisse

208 5114 268 5166 illos
287 5115 405 5167 homines
424 5119 501 5168 statui
521 5126 666 5183 propterea,
691 5122 760 5185 quod
779 5129 823 5170 aut
843 5122 999 5170 tribunatum
1023 5122 1104 5185 plebis
1124 5131 1168 5171 aut
1186 5122 1329 5171 aedilitates
1348 5121 1476 5186 plebeiam
1495 5136 1538 5168 eu-

209 5207 325 5260 rulemre
343 5224 389 5261 eos
407 5212 516 5276 gessisse
529 5226 562 5261 ex
582 5212 792 5276 inscriptionibus
812 5228 874 5279 quas
894 5213 967 5264 attuli
988 5222 1108 5280 apparet3
1126 5229 1187 5265 nam
1205 5213 1306 5265 curules
1321 5227 1422 5280 quoque
1441 5212 1538 5262 aediles
