<?xml version="1.0" encoding="UTF-8"?>
<!DOCTYPE html PUBLIC "-//W3C//DTD XHTML 1.0 Transitional//EN"
    "http://www.w3.org/TR/xhtml1/DTD/xhtml1-transitional.dtd">
<html xmlns="http://www.w3.org/1999/xhtml" xml:lang="en" lang="en">
 <head>
  <title>
</title>
<meta http-equiv="Content-Type" content="text/html;charset=utf-8" />
  <meta name='ocr-system' content='tesseract 3.04.00' />
  <meta name='ocr-capabilities' content='ocr_page ocr_carea ocr_par ocr_line ocrx_word'/>
</head>
<body>
  <div class='ocr_page' id='page_1' title='image "./ephemerisepigra02instgoog/ephemerisepigra02instgoog_0060.png"; bbox 0 0 3510 5812; ppageno 0'>
   <div class='ocr_carea' id='block_1_1' title="bbox 664 505 1090 561">
    <p class='ocr_par' dir='ltr' id='par_1_1' title="bbox 664 505 1090 561">
     <span class='ocr_line' id='line_1_1' title="bbox 664 505 1090 561; baseline 0.009 -7"><span class='ocrx_word' id='word_1_1' title='bbox 664 506 715 555; x_wconf 88' lang='lat' dir='ltr'><em>AD</em></span> <span class='ocrx_word' id='word_1_2' title='bbox 742 505 918 558; x_wconf 87' lang='lat' dir='ltr'><strong>CORPORIS</strong></span> <span class='ocrx_word' id='word_1_3' title='bbox 946 506 1029 561; x_wconf 89' lang='lat' dir='ltr'><strong>VOL.</strong></span> <span class='ocrx_word' id='word_1_4' title='bbox 1051 509 1090 558; x_wconf 92' lang='lat'><em>11.</em></span> 
     </span>
    </p>
   </div>
   <div class='ocr_carea' id='block_1_2' title="bbox 209 676 1286 756">
    <p class='ocr_par' dir='ltr' id='par_1_2' title="bbox 209 676 1286 756">
     <span class='ocr_line' id='line_1_2' title="bbox 209 676 1286 756; baseline 0.005 -21"><span class='ocrx_word' id='word_1_5' title='bbox 209 676 258 735; x_wconf 77' lang='lat'><em>44</em></span> <span class='ocrx_word' id='word_1_6' title='bbox 281 677 352 755; x_wconf 88' lang='lat' dir='ltr'><em>(ins.</em></span> <span class='ocrx_word' id='word_1_7' title='bbox 377 685 445 752; x_wconf 92' lang='lat' dir='ltr'><em>post</em></span> <span class='ocrx_word' id='word_1_8' title='bbox 467 677 619 753; x_wconf 65' lang='lat' dir='ltr'><em>naum).</em></span> <span class='ocrx_word' id='word_1_9' title='bbox 664 677 778 737; x_wconf 84' lang='lat' dir='ltr'><strong>Ibidem</strong></span> <span class='ocrx_word' id='word_1_10' title='bbox 802 678 847 753; x_wconf 91' lang='lat' dir='ltr'><em>(iu</em></span> <span class='ocrx_word' id='word_1_11' title='bbox 871 677 1018 756; x_wconf 83' lang='lat' dir='ltr'><em>Sciatiua)</em></span> <span class='ocrx_word' id='word_1_12' title='bbox 1041 681 1071 737; x_wconf 91' lang='lat' dir='ltr'><em>in</em></span> <span class='ocrx_word' id='word_1_13' title='bbox 1094 680 1124 738; x_wconf 93' lang='lat' dir='ltr'><em>la</em></span> <span class='ocrx_word' id='word_1_14' title='bbox 1147 682 1286 740; x_wconf 77' lang='lat' dir='ltr'><em>moraris.</em></span> 
     </span>
    </p>
   </div>
   <div class='ocr_carea' id='block_1_3' title="bbox 702 861 1047 1109">
    <p class='ocr_par' dir='ltr' id='par_1_3' title="bbox 702 861 1047 1109">
     <span class='ocr_line' id='line_1_3' title="bbox 702 861 1047 906; baseline 0.006 -4"><span class='ocrx_word' id='word_1_15' title='bbox 702 862 717 902; x_wconf 89' lang='lat' dir='ltr'><em>l.</em></span> <span class='ocrx_word' id='word_1_16' title='bbox 742 875 748 890; x_wconf 86' lang='lat'><strong>·</strong></span> <span class='ocrx_word' id='word_1_17' title='bbox 772 861 857 906; x_wconf 76' lang='lat' dir='ltr'>CORN</span> <span class='ocrx_word' id='word_1_18' title='bbox 882 877 889 890; x_wconf 87' lang='lat'><strong>·</strong></span> <span class='ocrx_word' id='word_1_19' title='bbox 918 863 1047 906; x_wconf 75' lang='lat' dir='ltr'><em>GERMAN</em></span> 
     </span>
     <span class='ocr_line' id='line_1_4' title="bbox 793 966 1035 1047; baseline 0.008 -42"><span class='ocrx_word' id='word_1_20' title='bbox 793 966 1035 1047; x_wconf 39' lang='lat' dir='ltr'><em>mummulus</em></span> 
     </span>
     <span class='ocr_line' id='line_1_5' title="bbox 865 1067 898 1109; baseline 0 0"><span class='ocrx_word' id='word_1_21' title='bbox 865 1067 898 1109; x_wconf 81' lang='lat' dir='ltr'><em>SE</em></span> 
     </span>
    </p>
   </div>
   <div class='ocr_carea' id='block_1_4' title="bbox 208 1170 918 1295">
    <p class='ocr_par' dir='ltr' id='par_1_4' title="bbox 208 1170 918 1295">
     <span class='ocr_line' id='line_1_6' title="bbox 864 1170 918 1212; baseline -0.037 0"><span class='ocrx_word' id='word_1_22' title='bbox 864 1170 918 1212; x_wconf 74' lang='lat' dir='ltr'><em>aaa</em></span> 
     </span>
     <span class='ocr_line' id='line_1_7' title="bbox 208 1235 419 1295; baseline -0.009 0"><span class='ocrx_word' id='word_1_23' title='bbox 208 1237 308 1295; x_wconf 88' lang='lat' dir='ltr'><em>Filon.</em></span> <span class='ocrx_word' id='word_1_24' title='bbox 333 1237 352 1294; x_wconf 86' lang='lat' dir='ltr'><em>f.</em></span> <span class='ocrx_word' id='word_1_25' title='bbox 371 1235 419 1293; x_wconf 87' lang='lat'><em>90.</em></span> 
     </span>
    </p>
   </div>
   <div class='ocr_carea' id='block_1_5' title="bbox 253 1338 1126 1415">
    <p class='ocr_par' dir='ltr' id='par_1_5' title="bbox 253 1338 1126 1415">
     <span class='ocr_line' id='line_1_8' title="bbox 253 1338 1126 1415; baseline 0.006 -22"><span class='ocrx_word' id='word_1_26' title='bbox 253 1338 403 1397; x_wconf 85' lang='lat' dir='ltr'><em>Versuum</em></span> <span class='ocrx_word' id='word_1_27' title='bbox 426 1338 535 1396; x_wconf 90' lang='lat' dir='ltr'><em>divisio</em></span> <span class='ocrx_word' id='word_1_28' title='bbox 558 1340 671 1397; x_wconf 82' lang='lat' dir='ltr'><em>ineerta</em></span> <span class='ocrx_word' id='word_1_29' title='bbox 692 1348 748 1398; x_wconf 88' lang='lat' dir='ltr'><em>est.</em></span> <span class='ocrx_word' id='word_1_30' title='bbox 792 1356 854 1398; x_wconf 76' lang='lat' dir='ltr'><em>avo</em></span> <span class='ocrx_word' id='word_1_31' title='bbox 876 1348 924 1398; x_wconf 83' lang='lat' dir='ltr'><em>est</em></span> <span class='ocrx_word' id='word_1_32' title='bbox 945 1339 1126 1415; x_wconf 76' lang='lat' dir='ltr'><em>Aupuatolis.</em></span> 
     </span>
    </p>
   </div>
   <div class='ocr_carea' id='block_1_6' title="bbox 211 1574 1544 1653">
    <p class='ocr_par' dir='ltr' id='par_1_6' title="bbox 211 1574 1544 1653">
     <span class='ocr_line' id='line_1_9' title="bbox 211 1574 1544 1653; baseline 0.001 -20"><span class='ocrx_word' id='word_1_33' title='bbox 211 1574 257 1633; x_wconf 81' lang='lat'><em>45</em></span> <span class='ocrx_word' id='word_1_34' title='bbox 281 1575 352 1651; x_wconf 87' lang='lat' dir='ltr'><em>(ins.</em></span> <span class='ocrx_word' id='word_1_35' title='bbox 376 1584 454 1652; x_wconf 88' lang='lat' dir='ltr'><em>post.</em></span> <span class='ocrx_word' id='word_1_36' title='bbox 478 1594 506 1633; x_wconf 91' lang='lat' dir='ltr'><em>n.</em></span> <span class='ocrx_word' id='word_1_37' title='bbox 523 1574 628 1649; x_wconf 85' lang='grc'>3668).</span> <span class='ocrx_word' id='word_1_38' title='bbox 673 1575 709 1632; x_wconf 91' lang='lat' dir='ltr'><em>In</em></span> <span class='ocrx_word' id='word_1_39' title='bbox 728 1575 832 1633; x_wconf 84' lang='lat' dir='ltr'><strong>Insula</strong></span> <span class='ocrx_word' id='word_1_40' title='bbox 847 1575 959 1634; x_wconf 84' lang='lat' dir='ltr'><em>Enicae</em></span> <span class='ocrx_word' id='word_1_41' title='bbox 981 1576 1012 1633; x_wconf 92' lang='lat' dir='ltr'><em>in</em></span> <span class='ocrx_word' id='word_1_42' title='bbox 1035 1585 1101 1633; x_wconf 88' lang='lat' dir='ltr'><em>orto</em></span> <span class='ocrx_word' id='word_1_43' title='bbox 1116 1575 1225 1634; x_wconf 88' lang='lat' dir='ltr'><em>Demia</em></span> <span class='ocrx_word' id='word_1_44' title='bbox 1248 1577 1285 1635; x_wconf 90' lang='lat' dir='ltr'><em>de</em></span> <span class='ocrx_word' id='word_1_45' title='bbox 1300 1574 1440 1636; x_wconf 87' lang='lat' dir='ltr'><em>Castillia</em></span> <span class='ocrx_word' id='word_1_46' title='bbox 1461 1578 1544 1653; x_wconf 88' lang='lat' dir='ltr'><em>(sio).</em></span> 
     </span>
    </p>
   </div>
   <div class='ocr_carea' id='block_1_7' title="bbox 673 1759 1080 2006">
    <p class='ocr_par' dir='ltr' id='par_1_7' title="bbox 673 1759 1080 2006">
     <span class='ocr_line' id='line_1_10' title="bbox 766 1759 991 1801; baseline -0.009 0"><span class='ocrx_word' id='word_1_47' title='bbox 766 1760 786 1801; x_wconf 86' lang='lat' dir='ltr'>D</span> <span class='ocrx_word' id='word_1_48' title='bbox 871 1773 878 1788; x_wconf 92' lang='grc'>·</span> <span class='ocrx_word' id='word_1_49' title='bbox 965 1759 991 1799; x_wconf 99' lang='grc' dir='ltr'><strong>Μ</strong></span> 
     </span>
     <span class='ocr_line' id='line_1_11' title="bbox 673 1860 1080 1905; baseline 0.002 -2"><span class='ocrx_word' id='word_1_50' title='bbox 673 1860 756 1905; x_wconf 83' lang='lat' dir='ltr'><em>COR</em></span> <span class='ocrx_word' id='word_1_51' title='bbox 793 1876 800 1889; x_wconf 91' lang='lat'><strong>·</strong></span> <span class='ocrx_word' id='word_1_52' title='bbox 833 1861 1080 1904; x_wconf 68' lang='lat' dir='ltr'><em>vernacule.</em></span> 
     </span>
     <span class='ocr_line' id='line_1_12' title="bbox 675 1963 1080 2006; baseline -0.002 -1"><span class='ocrx_word' id='word_1_53' title='bbox 675 1963 1080 2006; x_wconf 76' lang='lat' dir='ltr'><em>Vix-ANN·XVllll·M·Vlll</em></span> 
     </span>
    </p>
   </div>
   <div class='ocr_carea' id='block_1_8' title="bbox 211 2111 712 2174">
    <p class='ocr_par' dir='ltr' id='par_1_8' title="bbox 211 2111 712 2174">
     <span class='ocr_line' id='line_1_13' title="bbox 211 2111 712 2174; baseline 0.006 -3"><span class='ocrx_word' id='word_1_54' title='bbox 211 2115 310 2174; x_wconf 88' lang='lat' dir='ltr'><em>Filon.</em></span> <span class='ocrx_word' id='word_1_55' title='bbox 332 2116 353 2173; x_wconf 80' lang='lat' dir='ltr'><em>f.</em></span> <span class='ocrx_word' id='word_1_56' title='bbox 370 2111 418 2174; x_wconf 83' lang='lat'><em>96‘</em></span> <span class='ocrx_word' id='word_1_57' title='bbox 440 2134 487 2174; x_wconf 84' lang='lat' dir='ltr'><em>vv.</em></span> <span class='ocrx_word' id='word_1_58' title='bbox 511 2135 571 2174; x_wconf 92' lang='lat' dir='ltr'><em>non</em></span> <span class='ocrx_word' id='word_1_59' title='bbox 594 2114 712 2174; x_wconf 86' lang='lat' dir='ltr'><em>divisis.</em></span> 
     </span>
    </p>
   </div>
   <div class='ocr_carea' id='block_1_9' title="bbox 213 2323 706 2398">
    <p class='ocr_par' dir='ltr' id='par_1_9' title="bbox 213 2323 706 2398">
     <span class='ocr_line' id='line_1_14' title="bbox 213 2323 706 2398; baseline 0.002 -17"><span class='ocrx_word' id='word_1_60' title='bbox 213 2323 398 2381; x_wconf 70' lang='lat' dir='ltr'><em>salomem</em></span> <span class='ocrx_word' id='word_1_61' title='bbox 421 2323 464 2397; x_wconf 93' lang='lat' dir='ltr'><em>(in</em></span> <span class='ocrx_word' id='word_1_62' title='bbox 487 2324 544 2381; x_wconf 88' lang='lat' dir='ltr'><em>ins.</em></span> <span class='ocrx_word' id='word_1_63' title='bbox 568 2324 706 2398; x_wconf 88' lang='lat' dir='ltr'><em>Enicae).</em></span> 
     </span>
    </p>
   </div>
   <div class='ocr_carea' id='block_1_10' title="bbox 621 2507 1134 2753">
    <p class='ocr_par' dir='ltr' id='par_1_10' title="bbox 621 2507 1134 2753">
     <span class='ocr_line' id='line_1_15' title="bbox 708 2507 819 2548; baseline -0.018 0"><span class='ocrx_word' id='word_1_64' title='bbox 708 2507 728 2548; x_wconf 79' lang='grc' dir='ltr'>ὓ</span> <span class='ocrx_word' id='word_1_65' title='bbox 758 2521 764 2533; x_wconf 93' lang='grc'><strong><em>·</em></strong></span> <span class='ocrx_word' id='word_1_66' title='bbox 793 2507 819 2546; x_wconf 91' lang='grc' dir='ltr'><strong>Μ</strong></span> 
     </span>
     <span class='ocr_line' id='line_1_16' title="bbox 621 2607 1134 2653; baseline 0.002 -3"><span class='ocrx_word' id='word_1_67' title='bbox 621 2610 664 2650; x_wconf 88' lang='grc' dir='ltr'><em>Μ·</em></span> <span class='ocrx_word' id='word_1_68' title='bbox 683 2607 767 2651; x_wconf 78' lang='lat' dir='ltr'><em>Pvatr</em></span> <span class='ocrx_word' id='word_1_69' title='bbox 779 2621 786 2635; x_wconf 89' lang='lat'><strong>·</strong></span> <span class='ocrx_word' id='word_1_70' title='bbox 799 2607 953 2651; x_wconf 74' lang='lat' dir='ltr'><em>Pvamttvs</em></span> <span class='ocrx_word' id='word_1_71' title='bbox 965 2623 972 2636; x_wconf 86' lang='lat'><strong>·</strong></span> <span class='ocrx_word' id='word_1_72' title='bbox 986 2608 1134 2653; x_wconf 72' lang='lat' dir='ltr'><em>rnacmvs</em></span> 
     </span>
     <span class='ocr_line' id='line_1_17' title="bbox 672 2710 825 2753; baseline 0 -1"><span class='ocrx_word' id='word_1_73' title='bbox 672 2713 698 2752; x_wconf 79' lang='grc' dir='ltr'><em>Ν</em></span> <span class='ocrx_word' id='word_1_74' title='bbox 709 2726 716 2739; x_wconf 88' lang='grc'><em>·</em></span> <span class='ocrx_word' id='word_1_75' title='bbox 730 2710 770 2752; x_wconf 91' lang='lat' dir='ltr'><em>V·</em></span> <span class='ocrx_word' id='word_1_76' title='bbox 787 2712 825 2753; x_wconf 80' lang='lat' dir='ltr'><em>xli</em></span> 
     </span>
    </p>
   </div>
   <div class='ocr_carea' id='block_1_11' title="bbox 212 2857 1202 3023">
    <p class='ocr_par' dir='ltr' id='par_1_11' title="bbox 212 2857 1202 3023">
     <span class='ocr_line' id='line_1_18' title="bbox 212 2857 655 2920; baseline -0.002 -1"><span class='ocrx_word' id='word_1_77' title='bbox 212 2861 237 2919; x_wconf 87' lang='lat' dir='ltr'><strong>F</strong></span> <span class='ocrx_word' id='word_1_78' title='bbox 240 2861 312 2920; x_wconf 88' lang='lat' dir='ltr'><em>ilon.</em></span> <span class='ocrx_word' id='word_1_79' title='bbox 335 2861 356 2919; x_wconf 83' lang='lat' dir='ltr'><em>f.</em></span> <span class='ocrx_word' id='word_1_80' title='bbox 372 2857 419 2919; x_wconf 77' lang='lat'><em>96¹</em></span> <span class='ocrx_word' id='word_1_81' title='bbox 442 2881 489 2919; x_wconf 74' lang='lat' dir='ltr'><em>vv.</em></span> <span class='ocrx_word' id='word_1_82' title='bbox 513 2879 573 2919; x_wconf 92' lang='lat' dir='ltr'><em>non</em></span> <span class='ocrx_word' id='word_1_83' title='bbox 595 2861 655 2920; x_wconf 77' lang='lat' dir='ltr'><em>div.</em></span> 
     </span>
     <span class='ocr_line' id='line_1_19' title="bbox 253 2963 1202 3023; baseline 0.002 -3"><span class='ocrx_word' id='word_1_84' title='bbox 253 2963 382 3022; x_wconf 90' lang='lat' dir='ltr'><em>Videtur</em></span> <span class='ocrx_word' id='word_1_85' title='bbox 403 2963 511 3021; x_wconf 82' lang='lat' dir='ltr'><em>fuisse:</em></span> <span class='ocrx_word' id='word_1_86' title='bbox 534 2964 574 3022; x_wconf 91' lang='lat' dir='ltr'><em>D.</em></span> <span class='ocrx_word' id='word_1_87' title='bbox 597 2964 639 3021; x_wconf 84' lang='lat' dir='ltr'><em>M.</em></span> <span class='ocrx_word' id='word_1_88' title='bbox 664 2963 706 3022; x_wconf 88' lang='lat' dir='ltr'><em>M.</em></span> <span class='ocrx_word' id='word_1_89' title='bbox 731 2963 876 3023; x_wconf 78' lang='lat' dir='ltr'><em>Publilius</em></span> <span class='ocrx_word' id='word_1_90' title='bbox 899 2964 1040 3023; x_wconf 77' lang='lat' dir='ltr'><em>Placidus</em></span> <span class='ocrx_word' id='word_1_91' title='bbox 1062 2984 1128 3023; x_wconf 84' lang='lat' dir='ltr'><em>ann.</em></span> <span class='ocrx_word' id='word_1_92' title='bbox 1151 2968 1202 3022; x_wconf 80' lang='lat' dir='ltr'><em>aii.</em></span> 
     </span>
    </p>
   </div>
   <div class='ocr_carea' id='block_1_12' title="bbox 213 3173 1175 3249">
    <p class='ocr_par' dir='ltr' id='par_1_12' title="bbox 213 3173 1175 3249">
     <span class='ocr_line' id='line_1_20' title="bbox 213 3173 1175 3249; baseline 0 -17"><span class='ocrx_word' id='word_1_93' title='bbox 213 3173 259 3232; x_wconf 75' lang='lat'><em>47</em></span> <span class='ocrx_word' id='word_1_94' title='bbox 283 3173 396 3232; x_wconf 86' lang='lat' dir='ltr'>Ibidem</span> <span class='ocrx_word' id='word_1_95' title='bbox 420 3174 464 3247; x_wconf 94' lang='lat' dir='ltr'><em>(in</em></span> <span class='ocrx_word' id='word_1_96' title='bbox 488 3175 545 3232; x_wconf 86' lang='lat' dir='ltr'><em>ins.</em></span> <span class='ocrx_word' id='word_1_97' title='bbox 570 3173 696 3249; x_wconf 81' lang='lat' dir='ltr'><em>Euioae)</em></span> <span class='ocrx_word' id='word_1_98' title='bbox 719 3175 749 3231; x_wconf 90' lang='lat' dir='ltr'><em>in</em></span> <span class='ocrx_word' id='word_1_99' title='bbox 771 3184 837 3233; x_wconf 90' lang='lat' dir='ltr'><em>orto</em></span> <span class='ocrx_word' id='word_1_100' title='bbox 859 3175 982 3233; x_wconf 84' lang='lat' dir='ltr'><em>Antonii</em></span> <span class='ocrx_word' id='word_1_101' title='bbox 1005 3174 1175 3233; x_wconf 88' lang='lat' dir='ltr'><em>Raimundi.</em></span> 
     </span>
    </p>
   </div>
   <div class='ocr_carea' id='block_1_13' title="bbox 695 3342 1066 3504">
    <p class='ocr_par' dir='ltr' id='par_1_13' title="bbox 695 3342 1066 3504">
     <span class='ocr_line' id='line_1_21' title="bbox 697 3342 1065 3414; baseline 0.005 -15"><span class='ocrx_word' id='word_1_102' title='bbox 697 3342 746 3414; x_wconf 71' lang='lat' dir='ltr'><em>L·</em></span> <span class='ocrx_word' id='word_1_103' title='bbox 773 3357 859 3400; x_wconf 80' lang='lat' dir='ltr'><em>urio</em></span> <span class='ocrx_word' id='word_1_104' title='bbox 888 3371 894 3385; x_wconf 93' lang='lat'><strong>·</strong></span> <span class='ocrx_word' id='word_1_105' title='bbox 923 3358 1065 3402; x_wconf 80' lang='lat' dir='ltr'><em>ruoeuvo</em></span> 
     </span>
     <span class='ocr_line' id='line_1_22' title="bbox 695 3459 1066 3504; baseline -0.003 -2"><span class='ocrx_word' id='word_1_106' title='bbox 695 3459 815 3504; x_wconf 72' lang='lat' dir='ltr'><em>unauo</em></span> <span class='ocrx_word' id='word_1_107' title='bbox 839 3461 950 3502; x_wconf 52' lang='lat' dir='ltr'><em>orne·</em></span> <span class='ocrx_word' id='word_1_108' title='bbox 972 3460 1066 3503; x_wconf 77' lang='lat' dir='ltr'><em>naam</em></span> 
     </span>
    </p>
   </div>
   <div class='ocr_carea' id='block_1_14' title="bbox 212 3597 712 3778">
    <p class='ocr_par' dir='ltr' id='par_1_14' title="bbox 212 3597 712 3778">
     <span class='ocr_line' id='line_1_23' title="bbox 212 3597 712 3662; baseline -0.004 -2"><span class='ocrx_word' id='word_1_109' title='bbox 212 3601 313 3662; x_wconf 89' lang='lat' dir='ltr'><em>Filon.</em></span> <span class='ocrx_word' id='word_1_110' title='bbox 335 3600 357 3660; x_wconf 82' lang='lat' dir='ltr'><em>f.</em></span> <span class='ocrx_word' id='word_1_111' title='bbox 374 3597 422 3659; x_wconf 78' lang='lat'><em>96¹</em></span> <span class='ocrx_word' id='word_1_112' title='bbox 444 3619 491 3659; x_wconf 85' lang='lat' dir='ltr'><em>vv.</em></span> <span class='ocrx_word' id='word_1_113' title='bbox 514 3619 573 3658; x_wconf 91' lang='lat' dir='ltr'><em>non</em></span> <span class='ocrx_word' id='word_1_114' title='bbox 595 3600 712 3659; x_wconf 86' lang='lat' dir='ltr'><em>divisis.</em></span> 
     </span>
     <span class='ocr_line' id='line_1_24' title="bbox 255 3702 678 3778; baseline -0.002 -17"><span class='ocrx_word' id='word_1_115' title='bbox 255 3703 272 3761; x_wconf 80' lang='lat'><strong>2</strong></span> <span class='ocrx_word' id='word_1_116' title='bbox 297 3703 424 3762; x_wconf 75' lang='lat' dir='ltr'><em>traditur</em></span> <span class='ocrx_word' id='word_1_117' title='bbox 446 3702 543 3778; x_wconf 61' lang='lat' dir='ltr'><em>[alna</em></span> <span class='ocrx_word' id='word_1_118' title='bbox 556 3733 563 3747; x_wconf 91' lang='lat'><strong>·</strong></span> <span class='ocrx_word' id='word_1_119' title='bbox 575 3720 678 3762; x_wconf 78' lang='lat' dir='ltr'><em>maan.</em></span> 
     </span>
    </p>
   </div>
   <div class='ocr_carea' id='block_1_15' title="bbox 215 3937 1547 5150">
    <p class='ocr_par' dir='ltr' id='par_1_15' title="bbox 215 3937 1547 5150">
     <span class='ocr_line' id='line_1_25' title="bbox 215 3937 1546 4016; baseline 0 -19"><span class='ocrx_word' id='word_1_120' title='bbox 215 3939 265 3997; x_wconf 94' lang='lat' dir='ltr'><em>Ad</em></span> <span class='ocrx_word' id='word_1_121' title='bbox 288 3960 316 3998; x_wconf 91' lang='lat' dir='ltr'><em>n.</em></span> <span class='ocrx_word' id='word_1_122' title='bbox 334 3938 438 3998; x_wconf 85' lang='grc'>3833.</span> <span class='ocrx_word' id='word_1_123' title='bbox 461 3937 568 3999; x_wconf 82' lang='grc'>3834.</span> <span class='ocrx_word' id='word_1_124' title='bbox 614 3939 664 3996; x_wconf 83' lang='lat' dir='ltr'><em>Ex</em></span> <span class='ocrx_word' id='word_1_125' title='bbox 690 3940 799 3996; x_wconf 89' lang='lat' dir='ltr'><em>iterata</em></span> <span class='ocrx_word' id='word_1_126' title='bbox 827 3946 981 3997; x_wconf 82' lang='lat' dir='ltr'><em>auctorum</em></span> <span class='ocrx_word' id='word_1_127' title='bbox 1004 3938 1091 3998; x_wconf 88' lang='lat' dir='ltr'><em>huius</em></span> <span class='ocrx_word' id='word_1_128' title='bbox 1113 3939 1192 3997; x_wconf 91' lang='lat' dir='ltr'><em>tituli</em></span> <span class='ocrx_word' id='word_1_129' title='bbox 1214 3942 1409 3998; x_wconf 81' lang='lat' dir='ltr'><em>vetustiorum</em></span> <span class='ocrx_word' id='word_1_130' title='bbox 1436 3958 1546 4016; x_wconf 84' lang='lat' dir='ltr'><em>eonpa-</em></span> 
     </span>
     <span class='ocr_line' id='line_1_26' title="bbox 255 4040 1546 4118; baseline -0.002 -18"><span class='ocrx_word' id='word_1_131' title='bbox 255 4042 371 4101; x_wconf 84' lang='lat' dir='ltr'><em>ratione</em></span> <span class='ocrx_word' id='word_1_132' title='bbox 394 4041 624 4118; x_wconf 80' lang='lat' dir='ltr'><em>OIdenbergius,</em></span> <span class='ocrx_word' id='word_1_133' title='bbox 653 4059 719 4098; x_wconf 90' lang='lat' dir='ltr'><em>oum</em></span> <span class='ocrx_word' id='word_1_134' title='bbox 749 4040 880 4099; x_wconf 85' lang='lat' dir='ltr'><em>codicem</em></span> <span class='ocrx_word' id='word_1_135' title='bbox 908 4040 1155 4099; x_wconf 86' lang='lat' dir='ltr'><em>Filonardianum</em></span> <span class='ocrx_word' id='word_1_136' title='bbox 1179 4051 1341 4114; x_wconf 82' lang='lat' dir='ltr'><em>excuteret,</em></span> <span class='ocrx_word' id='word_1_137' title='bbox 1364 4043 1546 4102; x_wconf 78' lang='lat' dir='ltr'><em>observasse</em></span> 
     </span>
     <span class='ocr_line' id='line_1_27' title="bbox 257 4141 1544 4221; baseline -0.001 -20"><span class='ocrx_word' id='word_1_138' title='bbox 257 4145 314 4203; x_wconf 87' lang='lat' dir='ltr'><em>sibi</em></span> <span class='ocrx_word' id='word_1_139' title='bbox 337 4145 420 4202; x_wconf 88' lang='lat' dir='ltr'><em>visus</em></span> <span class='ocrx_word' id='word_1_140' title='bbox 449 4153 497 4202; x_wconf 85' lang='lat' dir='ltr'><em>eat</em></span> <span class='ocrx_word' id='word_1_141' title='bbox 524 4163 613 4201; x_wconf 92' lang='lat' dir='ltr'><em>unum</em></span> <span class='ocrx_word' id='word_1_142' title='bbox 648 4143 768 4201; x_wconf 91' lang='lat' dir='ltr'><em>omnino</em></span> <span class='ocrx_word' id='word_1_143' title='bbox 795 4143 890 4201; x_wconf 84' lang='lat' dir='ltr'><em>fuisse</em></span> <span class='ocrx_word' id='word_1_144' title='bbox 917 4142 1035 4201; x_wconf 91' lang='lat' dir='ltr'><em>titulum</em></span> <span class='ocrx_word' id='word_1_145' title='bbox 1059 4141 1177 4202; x_wconf 84' lang='lat' dir='ltr'><em>Claudii</em></span> <span class='ocrx_word' id='word_1_146' title='bbox 1205 4145 1248 4202; x_wconf 91' lang='lat' dir='ltr'><em>ita</em></span> <span class='ocrx_word' id='word_1_147' title='bbox 1274 4144 1336 4202; x_wconf 88' lang='lat' dir='ltr'><em>sere</em></span> <span class='ocrx_word' id='word_1_148' title='bbox 1358 4154 1544 4221; x_wconf 83' lang='lat' dir='ltr'><em>conceptum,</em></span> 
     </span>
     <span class='ocr_line' id='line_1_28' title="bbox 256 4245 1545 4322; baseline -0.001 -18"><span class='ocrx_word' id='word_1_149' title='bbox 256 4256 289 4304; x_wconf 89' lang='lat' dir='ltr'><em>ut</em></span> <span class='ocrx_word' id='word_1_150' title='bbox 311 4246 376 4304; x_wconf 89' lang='lat' dir='ltr'><em>dedi</em></span> <span class='ocrx_word' id='word_1_151' title='bbox 400 4247 456 4304; x_wconf 86' lang='lat' dir='ltr'><em>sub</em></span> <span class='ocrx_word' id='word_1_152' title='bbox 478 4266 506 4304; x_wconf 91' lang='lat' dir='ltr'><em>n.</em></span> <span class='ocrx_word' id='word_1_153' title='bbox 524 4246 615 4305; x_wconf 80' lang='lat'><strong>3834.</strong></span> <span class='ocrx_word' id='word_1_154' title='bbox 659 4245 727 4303; x_wconf 89' lang='lat' dir='ltr'><em>Hoc</em></span> <span class='ocrx_word' id='word_1_155' title='bbox 750 4264 803 4321; x_wconf 90' lang='lat' dir='ltr'><em>per</em></span> <span class='ocrx_word' id='word_1_156' title='bbox 824 4264 858 4304; x_wconf 90' lang='lat' dir='ltr'><em>se</em></span> <span class='ocrx_word' id='word_1_157' title='bbox 879 4245 998 4321; x_wconf 86' lang='lat' dir='ltr'><em>quidem</em></span> <span class='ocrx_word' id='word_1_158' title='bbox 1021 4246 1177 4322; x_wconf 83' lang='lat' dir='ltr'><em>probabile</em></span> <span class='ocrx_word' id='word_1_159' title='bbox 1198 4255 1245 4305; x_wconf 87' lang='lat' dir='ltr'><em>est</em></span> <span class='ocrx_word' id='word_1_160' title='bbox 1270 4265 1366 4321; x_wconf 90' lang='lat' dir='ltr'><em>neque</em></span> <span class='ocrx_word' id='word_1_161' title='bbox 1390 4266 1437 4304; x_wconf 91' lang='lat' dir='ltr'><em>me</em></span> <span class='ocrx_word' id='word_1_162' title='bbox 1458 4246 1545 4322; x_wconf 86' lang='lat' dir='ltr'><em>sugit,</em></span> 
     </span>
     <span class='ocr_line' id='line_1_29' title="bbox 258 4348 1545 4425; baseline 0 -21"><span class='ocrx_word' id='word_1_163' title='bbox 258 4366 324 4405; x_wconf 86' lang='lat' dir='ltr'><em>oum</em></span> <span class='ocrx_word' id='word_1_164' title='bbox 348 4349 467 4406; x_wconf 91' lang='lat' dir='ltr'><em>titulum</em></span> <span class='ocrx_word' id='word_1_165' title='bbox 490 4348 620 4419; x_wconf 83' lang='lat' dir='ltr'><em>ederem3</em></span> <span class='ocrx_word' id='word_1_166' title='bbox 652 4348 705 4406; x_wconf 90' lang='lat' dir='ltr'><em>sed</em></span> <span class='ocrx_word' id='word_1_167' title='bbox 733 4348 854 4406; x_wconf 88' lang='lat' dir='ltr'><em>obstare</em></span> <span class='ocrx_word' id='word_1_168' title='bbox 875 4349 960 4406; x_wconf 83' lang='lat' dir='ltr'><em>visae</em></span> <span class='ocrx_word' id='word_1_169' title='bbox 988 4357 1056 4406; x_wconf 90' lang='lat' dir='ltr'><em>sunt</em></span> <span class='ocrx_word' id='word_1_170' title='bbox 1082 4356 1145 4406; x_wconf 92' lang='lat' dir='ltr'><em>tum</em></span> <span class='ocrx_word' id='word_1_171' title='bbox 1169 4359 1257 4425; x_wconf 88' lang='lat' dir='ltr'><em>atque</em></span> <span class='ocrx_word' id='word_1_172' title='bbox 1280 4348 1368 4406; x_wconf 90' lang='lat' dir='ltr'><em>etiam</em></span> <span class='ocrx_word' id='word_1_173' title='bbox 1392 4349 1480 4406; x_wconf 91' lang='lat' dir='ltr'><em>hodie</em></span> <span class='ocrx_word' id='word_1_174' title='bbox 1503 4349 1545 4404; x_wconf 90' lang='lat' dir='ltr'><em>vi·</em></span> 
     </span>
     <span class='ocr_line' id='line_1_30' title="bbox 259 4448 1545 4527; baseline 0 -21"><span class='ocrx_word' id='word_1_175' title='bbox 259 4448 366 4508; x_wconf 90' lang='lat' dir='ltr'><em>dentur</em></span> <span class='ocrx_word' id='word_1_176' title='bbox 387 4450 446 4508; x_wconf 84' lang='lat' dir='ltr'><em>loei</em></span> <span class='ocrx_word' id='word_1_177' title='bbox 466 4451 677 4521; x_wconf 85' lang='lat' dir='ltr'><em>iudicationes,</em></span> <span class='ocrx_word' id='word_1_178' title='bbox 700 4451 864 4509; x_wconf 83' lang='lat' dir='ltr'><em>seeundum</em></span> <span class='ocrx_word' id='word_1_179' title='bbox 879 4469 955 4526; x_wconf 89' lang='lat' dir='ltr'><em>quas</em></span> <span class='ocrx_word' id='word_1_180' title='bbox 978 4450 1074 4509; x_wconf 88' lang='lat' dir='ltr'><em>altera</em></span> <span class='ocrx_word' id='word_1_181' title='bbox 1089 4449 1227 4509; x_wconf 81' lang='lat' dir='ltr'><em>columna</em></span> <span class='ocrx_word' id='word_1_182' title='bbox 1251 4451 1308 4509; x_wconf 88' lang='lat' dir='ltr'><em>fuit</em></span> <span class='ocrx_word' id='word_1_183' title='bbox 1330 4469 1422 4527; x_wconf 87' lang='lat' dir='ltr'><em>supra</em></span> <span class='ocrx_word' id='word_1_184' title='bbox 1443 4449 1545 4527; x_wconf 88' lang='lat' dir='ltr'><em>oppidi</em></span> 
     </span>
     <span class='ocr_line' id='line_1_31' title="bbox 257 4550 1545 4628; baseline 0.001 -20"><span class='ocrx_word' id='word_1_185' title='bbox 257 4562 374 4627; x_wconf 90' lang='lat' dir='ltr'><em>portam</em></span> <span class='ocrx_word' id='word_1_186' title='bbox 397 4550 599 4623; x_wconf 77' lang='lat' dir='ltr'><em>Valentinum,</em></span> <span class='ocrx_word' id='word_1_187' title='bbox 627 4552 722 4610; x_wconf 83' lang='lat' dir='ltr'><em>altera</em></span> <span class='ocrx_word' id='word_1_188' title='bbox 749 4553 780 4610; x_wconf 90' lang='lat' dir='ltr'><em>in</em></span> <span class='ocrx_word' id='word_1_189' title='bbox 808 4572 876 4611; x_wconf 88' lang='lat' dir='ltr'><em>arce</em></span> <span class='ocrx_word' id='word_1_190' title='bbox 904 4553 989 4611; x_wconf 89' lang='lat' dir='ltr'><em>iuxta</em></span> <span class='ocrx_word' id='word_1_191' title='bbox 1017 4552 1120 4610; x_wconf 89' lang='lat' dir='ltr'><em>turrim</em></span> <span class='ocrx_word' id='word_1_192' title='bbox 1144 4573 1301 4612; x_wconf 90' lang='lat' dir='ltr'><em>armorum.</em></span> <span class='ocrx_word' id='word_1_193' title='bbox 1346 4555 1446 4628; x_wconf 89' lang='lat' dir='ltr'><em>Atque</em></span> <span class='ocrx_word' id='word_1_194' title='bbox 1469 4553 1545 4610; x_wconf 91' lang='lat' dir='ltr'><em>duas</em></span> 
     </span>
     <span class='ocr_line' id='line_1_32' title="bbox 256 4655 1545 4733; baseline 0.002 -24"><span class='ocrx_word' id='word_1_195' title='bbox 256 4663 360 4712; x_wconf 83' lang='lat' dir='ltr'><em>extare</em></span> <span class='ocrx_word' id='word_1_196' title='bbox 387 4655 523 4731; x_wconf 87' lang='lat' dir='ltr'><em>poluisse</em></span> <span class='ocrx_word' id='word_1_197' title='bbox 551 4655 679 4712; x_wconf 91' lang='lat' dir='ltr'><em>eiusdem</em></span> <span class='ocrx_word' id='word_1_198' title='bbox 710 4655 899 4730; x_wconf 88' lang='lat' dir='ltr'><em>imperatoris</em></span> <span class='ocrx_word' id='word_1_199' title='bbox 927 4655 1016 4714; x_wconf 88' lang='lat' dir='ltr'><em>bases</em></span> <span class='ocrx_word' id='word_1_200' title='bbox 1044 4674 1104 4713; x_wconf 91' lang='lat' dir='ltr'><em>non</em></span> <span class='ocrx_word' id='word_1_201' title='bbox 1131 4673 1256 4733; x_wconf 88' lang='lat' dir='ltr'><em>prorsus</em></span> <span class='ocrx_word' id='word_1_202' title='bbox 1285 4655 1481 4731; x_wconf 86' lang='lat' dir='ltr'><em>aequabiliter</em></span> <span class='ocrx_word' id='word_1_203' title='bbox 1501 4655 1545 4712; x_wconf 92' lang='lat' dir='ltr'><em>iu-</em></span> 
     </span>
     <span class='ocr_line' id='line_1_33' title="bbox 257 4755 1547 4834; baseline 0 -21"><span class='ocrx_word' id='word_1_204' title='bbox 257 4756 387 4833; x_wconf 86' lang='lat' dir='ltr'><em>scriptas</em></span> <span class='ocrx_word' id='word_1_205' title='bbox 411 4776 498 4815; x_wconf 89' lang='lat' dir='ltr'><em>nemo</em></span> <span class='ocrx_word' id='word_1_206' title='bbox 520 4756 608 4815; x_wconf 86' lang='lat' dir='ltr'><em>facile</em></span> <span class='ocrx_word' id='word_1_207' title='bbox 630 4757 760 4833; x_wconf 83' lang='lat' dir='ltr'><em>negabit.</em></span> <span class='ocrx_word' id='word_1_208' title='bbox 805 4755 863 4816; x_wconf 87' lang='lat' dir='ltr'><em>Sed</em></span> <span class='ocrx_word' id='word_1_209' title='bbox 886 4757 1044 4815; x_wconf 90' lang='lat' dir='ltr'><em>debueram</em></span> <span class='ocrx_word' id='word_1_210' title='bbox 1060 4757 1234 4834; x_wconf 86' lang='lat' dir='ltr'><em>Peutingeri</em></span> <span class='ocrx_word' id='word_1_211' title='bbox 1256 4758 1459 4816; x_wconf 89' lang='lat' dir='ltr'><em>testimonium</em></span> <span class='ocrx_word' id='word_1_212' title='bbox 1476 4776 1547 4814; x_wconf 88' lang='lat' dir='ltr'><em>eon-</em></span> 
     </span>
     <span class='ocr_line' id='line_1_34' title="bbox 256 4856 1545 4936; baseline -0.002 -20"><span class='ocrx_word' id='word_1_213' title='bbox 256 4860 380 4935; x_wconf 83' lang='lat' dir='ltr'><em>iungere</em></span> <span class='ocrx_word' id='word_1_214' title='bbox 402 4878 468 4918; x_wconf 87' lang='lat' dir='ltr'><em>oum</em></span> <span class='ocrx_word' id='word_1_215' title='bbox 492 4856 599 4918; x_wconf 88' lang='lat' dir='ltr'><em>Sanuti</em></span> <span class='ocrx_word' id='word_1_216' title='bbox 624 4856 739 4931; x_wconf 79' lang='lat' dir='ltr'><em>Sjederi</em></span> <span class='ocrx_word' id='word_1_217' title='bbox 762 4860 875 4936; x_wconf 86' lang='lat' dir='ltr'><em>Apiani</em></span> <span class='ocrx_word' id='word_1_218' title='bbox 901 4859 1152 4935; x_wconf 87' lang='lat' dir='ltr'><em>reliquorumque,</em></span> <span class='ocrx_word' id='word_1_219' title='bbox 1180 4860 1231 4935; x_wconf 93' lang='lat' dir='ltr'><em>qui</em></span> <span class='ocrx_word' id='word_1_220' title='bbox 1254 4861 1380 4935; x_wconf 81' lang='lat' dir='ltr'><em>Antiqui</em></span> <span class='ocrx_word' id='word_1_221' title='bbox 1408 4860 1545 4936; x_wconf 85' lang='lat' dir='ltr'><em>syllogen</em></span> 
     </span>
     <span class='ocr_line' id='line_1_35' title="bbox 256 4960 1545 5040; baseline -0.001 -22"><span class='ocrx_word' id='word_1_222' title='bbox 256 4961 399 5020; x_wconf 81' lang='lat' dir='ltr'><em>exhibant</em></span> <span class='ocrx_word' id='word_1_223' title='bbox 420 4961 487 5040; x_wconf 91' lang='lat' dir='ltr'><em>plus</em></span> <span class='ocrx_word' id='word_1_224' title='bbox 509 4961 608 5020; x_wconf 91' lang='lat' dir='ltr'><em>miuus</em></span> <span class='ocrx_word' id='word_1_225' title='bbox 631 4961 749 5038; x_wconf 87' lang='lat' dir='ltr'><em>plenam</em></span> <span class='ocrx_word' id='word_1_226' title='bbox 772 4961 939 5037; x_wconf 90' lang='lat' dir='ltr'><em>quibusque</em></span> <span class='ocrx_word' id='word_1_227' title='bbox 962 4961 1077 5019; x_wconf 84' lang='lat' dir='ltr'><em>aceedit</em></span> <span class='ocrx_word' id='word_1_228' title='bbox 1098 4981 1178 5019; x_wconf 88' lang='lat' dir='ltr'><em>nuno</em></span> <span class='ocrx_word' id='word_1_229' title='bbox 1204 4962 1269 5019; x_wconf 86' lang='lat' dir='ltr'><em>cod.</em></span> <span class='ocrx_word' id='word_1_230' title='bbox 1297 4960 1545 5030; x_wconf 85' lang='lat' dir='ltr'><em>Filonardianus3</em></span> 
     </span>
     <span class='ocr_line' id='line_1_36' title="bbox 257 5062 1544 5150; baseline -0.001 -30"><span class='ocrx_word' id='word_1_231' title='bbox 257 5063 363 5121; x_wconf 88' lang='lat' dir='ltr'><em>deinde</em></span> <span class='ocrx_word' id='word_1_232' title='bbox 379 5065 469 5150; x_wconf 83' lang='lat' dir='ltr'><em>etiam</em></span> <span class='ocrx_word' id='word_1_233' title='bbox 491 5063 606 5140; x_wconf 88' lang='lat' dir='ltr'><em>reliqua</em></span> <span class='ocrx_word' id='word_1_234' title='bbox 629 5064 801 5122; x_wconf 88' lang='lat' dir='ltr'><em>testimonia</em></span> <span class='ocrx_word' id='word_1_235' title='bbox 822 5063 950 5122; x_wconf 87' lang='lat' dir='ltr'><em>fortasse</em></span> <span class='ocrx_word' id='word_1_236' title='bbox 965 5063 1013 5120; x_wconf 87' lang='lat' dir='ltr'><em>hio</em></span> <span class='ocrx_word' id='word_1_237' title='bbox 1035 5062 1099 5122; x_wconf 90' lang='lat' dir='ltr'><em>illio</em></span> <span class='ocrx_word' id='word_1_238' title='bbox 1121 5064 1209 5121; x_wconf 82' lang='lat' dir='ltr'><em>alitor</em></span> <span class='ocrx_word' id='word_1_239' title='bbox 1222 5064 1430 5121; x_wconf 86' lang='lat' dir='ltr'><em>distribuenda</em></span> <span class='ocrx_word' id='word_1_240' title='bbox 1451 5074 1544 5120; x_wconf 86' lang='lat' dir='ltr'><em>erant.</em></span> 
     </span>
    </p>
   </div>
   <div class='ocr_carea' id='block_1_16' title="bbox 257 5162 1399 5326">
    <p class='ocr_par' dir='ltr' id='par_1_16' title="bbox 257 5162 1399 5326">
     <span class='ocr_line' id='line_1_37' title="bbox 257 5162 1399 5241; baseline 0.001 -19"><span class='ocrx_word' id='word_1_241' title='bbox 257 5162 398 5224; x_wconf 83' lang='lat' dir='ltr'><em>Ceterum</em></span> <span class='ocrx_word' id='word_1_242' title='bbox 421 5166 451 5224; x_wconf 91' lang='lat' dir='ltr'><em>in</em></span> <span class='ocrx_word' id='word_1_243' title='bbox 474 5187 502 5224; x_wconf 92' lang='lat' dir='ltr'><em>n.</em></span> <span class='ocrx_word' id='word_1_244' title='bbox 521 5165 601 5225; x_wconf 80' lang='lat'>3834</span> <span class='ocrx_word' id='word_1_245' title='bbox 624 5184 681 5241; x_wconf 93' lang='lat' dir='ltr'><em>pro</em></span> <span class='ocrx_word' id='word_1_246' title='bbox 703 5180 763 5224; x_wconf 89' lang='lat' dir='ltr'><em>cos</em></span> <span class='ocrx_word' id='word_1_247' title='bbox 778 5173 818 5223; x_wconf 84' lang='grc' dir='ltr'><strong>·ι“ι</strong></span> <span class='ocrx_word' id='word_1_248' title='bbox 839 5165 970 5225; x_wconf 88' lang='lat' dir='ltr'><em>fortasse</em></span> <span class='ocrx_word' id='word_1_249' title='bbox 992 5165 1207 5224; x_wconf 87' lang='lat' dir='ltr'><em>emendandum</em></span> <span class='ocrx_word' id='word_1_250' title='bbox 1232 5181 1309 5225; x_wconf 87' lang='lat' dir='ltr'><em>cos·</em></span> <span class='ocrx_word' id='word_1_251' title='bbox 1325 5183 1340 5223; x_wconf 85' lang='lat' dir='ltr'><em>r</em></span> <span class='ocrx_word' id='word_1_252' title='bbox 1355 5196 1361 5210; x_wconf 93' lang='lat'><strong>·</strong></span> <span class='ocrx_word' id='word_1_253' title='bbox 1375 5182 1399 5224; x_wconf 86' lang='lat' dir='ltr'><em>r.</em></span> 
     </span>
     <span class='ocr_line' id='line_1_38' title="bbox 1321 5270 1341 5326; baseline 0 0"><span class='ocrx_word' id='word_1_254' title='bbox 1321 5270 1341 5326; x_wconf 79' lang='lat'>4</span> 
     </span>
    </p>
   </div>
   <div class='ocr_carea' id='block_1_17' title="bbox 0 0 1766 5812">
    <p class='ocr_par' dir='ltr' id='par_1_17' title="bbox 0 0 1766 5812">
     <span class='ocr_line' id='line_1_39' title="bbox 0 0 1766 5812; baseline 0 0"><span class='ocrx_word' id='word_1_255' title='bbox 0 0 1766 5812; x_wconf 95' lang='lat' dir='ltr'><em> </em></span> 
     </span>
    </p>
   </div>
  </div>
 </body>
</html>
