3510 5812
380 479 455 549 264
971 495 1115 546 Jonunu

375 672 433 729 hoc
454 680 500 729 est
521 670 643 728 exeunti
667 690 682 727 e
705 670 770 727 soro
792 670 823 727 in
846 687 963 728 sacram
983 670 1060 727 viam
1083 669 1202 746 proprie
1225 668 1270 726 sio
1291 667 1398 724 dictam
1422 685 1438 722 e
1460 664 1582 742 regione
1603 663 1714 741 templi

375 770 551 832 Faustinae.
595 772 642 830 bis
664 770 894 830 indicationibus
910 772 1070 829 concinunt
1092 772 1183 830 verba
1201 770 1281 828 vitae
1304 766 1442 828 Salonini
1464 769 1521 824 c.l
1548 786 1567 824 a
1582 766 1714 825 Momm·

377 893 450 934 seno
473 875 623 932 restituta:
640 875 702 947 suit
723 882 818 931 statua
839 877 868 930 in
888 875 961 949 pede
982 877 1083 931 inantia
1104 872 1235 930 Romulei
1256 871 1308 929 loc
1330 879 1473 928 estante
1494 887 1609 928 sacram
1631 872 1714 928 aiam

374 979 466 1034 inter
488 975 618 1052 toniplurn
646 975 803 1033 Faustinae
829 995 868 1034 aa
894 976 1016 1034 l'ostae
1042 976 1083 1032 ad
1108 993 1205 1032 arcum
1231 972 1392 1030 Fabianum
1420 970 1490 1047 (nisi
1519 972 1597 1048 quod
1619 991 1712 1049 prae·

374 1077 494 1135 tulerim
526 1097 561 1135 aa
589 1077 717 1149 Vestam,
750 1085 781 1135 nt
814 1077 877 1135 dixi
910 1078 1084 1136 dabresber.
1110 1076 1188 1135 1875
1222 1096 1251 1152 p.
1268 1074 1340 1132 775:
1375 1074 1491 1132 codices
1524 1078 1602 1132 intra
1635 1083 1654 1133 t.
1678 1076 1711 1150 s.

375 1179 551 1255 aduentam),
581 1180 630 1236 ubi
659 1191 783 1256 apparet
809 1191 890 1237 ante
911 1197 1024 1238 sacram
1050 1182 1124 1236 uiam
1151 1178 1249 1235 locum
1276 1177 1398 1234 eundem
1427 1175 1595 1252 significare
1617 1194 1712 1252 quem

370 1292 453 1357 post
474 1282 604 1356 ternplum
637 1282 762 1340 castoris
792 1281 868 1339 dixit
894 1281 1057 1340 scholiasta
1086 1280 1190 1338 Tullii.
1234 1280 1280 1337 bis
1309 1279 1425 1337 demum
1453 1277 1632 1337 testimoniis
1664 1279 1713 1337 ita

375 1393 407 1440 ut
433 1383 544 1440 factum
572 1385 717 1440 enarratis
744 1393 869 1459 apparet
892 1382 1065 1441 Ciceronem
1092 1382 1124 1439 in
1145 1381 1311 1440 Planciano
1334 1380 1361 1453 7,
1388 1380 1423 1438 17
1447 1379 1580 1438 voluisse
1602 1398 1712 1441 sacrae

375 1484 441 1542 viae
475 1495 555 1542 totae
589 1487 717 1561 spatium
752 1486 875 1542 definire
908 1503 1040 1543 summae
1066 1503 1168 1543 sacrae
1197 1484 1261 1541 viae
1290 1481 1354 1556 (ubi
1381 1490 1488 1558 postea
1513 1499 1600 1541 arcus
1628 1482 1710 1560 Titi)

375 1597 463 1662 atque
490 1587 613 1645 fornicis
636 1587 763 1645 Fabiani
787 1588 1074 1645 commemoratione.
1118 1586 1297 1661 relinquitur
1323 1585 1403 1660 quod
1429 1585 1549 1663 negotia
1575 1585 1712 1644 lacessat

375 1708 465 1746 unum
492 1689 694 1746 testimoninm
723 1688 904 1747 scholiastae
930 1688 1029 1747 Persii
1052 1689 1080 1760 6,
1097 1689 1151 1746 49:
1177 1688 1276 1763 mutual
1297 1686 1445 1746 Scribonio
1467 1686 1579 1745 Licinii
1605 1697 1649 1745 eat
1677 1691 1711 1744 in

370 1794 487 1865 porticu
509 1790 588 1848 lulio
610 1792 651 1848 ad
671 1790 835 1848 Fabianum
857 1810 963 1849 arcum.
1007 1790 1107 1866 puteal
1135 1790 1264 1848 creditur
1290 1807 1357 1847 esse
1385 1789 1416 1846 id
1445 1789 1523 1863 quod
1550 1789 1582 1846 in
1608 1788 1711 1848 forma

374 1911 410 1949 eo
437 1892 554 1950 nomine
576 1893 716 1968 insignivi
740 1893 850 1967 (quode
872 1892 1008 1969 pluribus
1033 1892 1142 1950 dictum
1168 1891 1270 1950 Herm.
1288 1892 1316 1963 7,
1334 1889 1393 1948 285
1416 1891 1588 1949 Jahresber.
1614 1891 1711 1962 1875,

374 1993 462 2068 755);
486 2012 564 2069 quae
587 1994 758 2052 coniectura
779 1995 894 2080 etiamsi
917 1994 996 2052 falsa
1018 2004 1106 2065 esset,
1130 2004 1228 2051 tamen
1251 1993 1289 2050 ob
1311 2001 1475 2050 ceterorum
1497 1993 1617 2050 testium
1639 1993 1709 2050 lau·

374 2095 510 2154 datorum
532 2114 708 2153 consensum
725 2107 837 2154 certum
859 2104 939 2153 esset
961 2096 1108 2172 porticum
1129 2096 1212 2153 illam
1229 2095 1337 2153 Iuliam
1353 2112 1420 2152 esse
1442 2113 1501 2152 non
1524 2111 1613 2172 posse
1635 2113 1710 2172 por-

372 2198 464 2255 ticum
486 2197 628 2255 basilicae
643 2198 753 2268 luliae3
777 2198 885 2255 falsum
907 2197 999 2274 igitur
1021 2215 1087 2256 esse
1109 2196 1190 2272 quod
1212 2197 1307 2255 visum
1329 2196 1430 2254 Rosae
1453 2195 1580 2272 aliisque
1602 2215 1709 2255 arcum

373 2298 493 2356 stetisse
514 2299 545 2355 in
569 2299 680 2376 angulo
701 2299 844 2357 basilicae
866 2298 962 2357 Iuliae
984 2319 1019 2356 eo
1041 2299 1091 2375 qui
1113 2297 1252 2357 Castoris
1279 2298 1389 2375 templo
1412 2318 1428 2355 e
1449 2299 1570 2374 regione
1591 2311 1638 2358 est
1659 2300 1707 2376 (v.

374 2400 545 2457 Jahresber.
562 2420 590 2477 p.
609 2401 692 2475 775).
730 2418 798 2458 1331
813 2418 878 2458 eam
893 2400 1040 2477 porticum
1056 2401 1139 2459 aedis
1155 2400 1216 2458 divi
1231 2399 1309 2472 Iulii,
1332 2399 1411 2475 quod
1427 2399 1561 2458 Beckero
1576 2402 1710 2479 aliisque

371 2502 476 2573 visum,
500 2520 564 2559 eam
588 2514 666 2561 corte
689 2503 904 2561 dubitationem
920 2509 1019 2560 movet
1041 2502 1120 2579 qnod
1143 2502 1173 2560 in
1195 2502 1295 2580 platea
1315 2519 1392 2577 quae
1415 2501 1499 2560 aedis
1521 2503 1609 2561 huius
1632 2504 1708 2562 sub·

372 2604 565 2662 structionem
595 2606 784 2679 superstitem
817 2605 919 2674 ambit,
955 2604 1038 2662 nulla
1072 2606 1205 2681 porticus
1235 2604 1361 2680 vestigia
1393 2623 1593 2680 comparuere.
1648 2605 1707 2665 sed

371 2705 460 2763 huius
480 2704 597 2780 plateae
617 2726 653 2764 ea
672 2716 718 2764 est
735 2707 871 2765 condicio
895 2715 927 2765 nt
949 2716 1011 2764 tota
1032 2707 1168 2764 barbaris
1184 2706 1319 2764 manibus
1335 2705 1469 2764 videatur
1490 2707 1709 2767 transformata

371 2824 447 2865 esse.
470 2841 508 2850 —
531 2809 568 2865 ab
601 2808 733 2884 antiquis
766 2807 945 2866 testimoniis
978 2809 1189 2867 transeundum
1223 2808 1260 2866 ad
1293 2809 1466 2865 memoriam
1498 2809 1707 2868 narrationum

372 2909 408 2967 de
441 2909 536 2965 titulis
560 2908 723 2966 Fabiorum
745 2928 792 2967 aa.
818 2910 896 2967 1546
926 2917 956 2966 et
985 2910 1035 2986 qui
1063 2909 1282 2984 praecedebant
1308 2921 1378 2987 post
1403 2910 1546 2968 Rossium
1572 2910 1706 2970 breviter

371 3009 616 3067 examinandam:
640 3011 690 3068 vix
714 3012 792 3068 enim
815 3011 910 3069 habeo
929 3010 1009 3085 quod
1031 3013 1168 3089 egregiae
1190 3012 1256 3070 eius
1272 3011 1463 3088 disputationi
1487 3011 1604 3070 addam.
1648 3012 1705 3070 do·

371 3112 433 3169 cuit
459 3112 551 3187 igitur
579 3112 707 3189 primum
735 3112 840 3170 titulos
868 3114 906 3184 A,
933 3113 1001 3170 dein
1024 3114 1054 3170 B
1076 3112 1179 3171 eodem
1207 3114 1268 3171 fore
1294 3133 1310 3171 e
1337 3112 1403 3171 loco
1428 3122 1595 3191 protractos
1617 3132 1704 3174 esset

371 3231 458 3289 quem
480 3214 578 3272 locum
602 3232 708 3273 essee
731 3215 853 3291 regione
879 3214 980 3289 templi
1002 3214 1166 3273 Faustinae
1188 3232 1292 3273 versus
1314 3214 1487 3272 Palatinum
1513 3226 1643 3274 montem
1673 3227 1705 3276 et

371 3324 432 3373 tres
455 3315 623 3386 columnas3
654 3317 785 3374 Palatini
814 3317 892 3374 enim
920 3317 1055 3375 viciniam
1083 3316 1281 3375 demonstrari
1307 3326 1367 3374 tam
1395 3317 1508 3376 codicis
1536 3317 1704 3376 Metelliani

373 3418 409 3474 de
432 3418 527 3475 titulis
551 3418 579 3474 A
602 3419 772 3477 testimonio
795 3419 907 3477 diserto
930 3437 1019 3494 quam
1043 3420 1155 3477 codicis
1178 3419 1343 3476 Manutiani
1368 3418 1405 3475 dc
1431 3419 1526 3477 titulis
1549 3419 1578 3476 B
1600 3420 1704 3480 verbis

370 3520 417 3577 bis
439 3523 467 3576 in
487 3523 610 3590 comitia
634 3521 777 3579 creditum
802 3521 879 3577 enim
902 3539 968 3578 esse
991 3539 1026 3578 ea
1047 3530 1222 3597 tempestate
1245 3521 1394 3579 comitium
1417 3520 1567 3579 radicibus
1588 3521 1706 3582 Palatii

370 3622 500 3678 vicinum
523 3638 592 3678 esse
607 3621 651 3697 (p.
667 3621 752 3697 323).
796 3633 885 3698 atque
907 3623 963 3679 hoc
978 3623 1096 3699 quidem
1121 3640 1193 3680 sane
1213 3631 1299 3681 extra
1317 3624 1552 3682 controversiam
1567 3623 1703 3700 positum

370 3731 424 3780 est.
478 3741 547 3780 nam
580 3740 646 3779 cum
678 3723 788 3781 comit-ii
822 3725 966 3781 memoria
998 3737 1066 3800 post
1097 3725 1249 3784 interitum
1285 3724 1400 3802 imperii
1433 3726 1547 3783 romani
1581 3727 1704 3802 penitus

369 3825 503 3882 extincta
526 3825 573 3896 sit,
602 3825 643 3883 ita
670 3835 702 3882 ut
729 3844 764 3882 ne
786 3826 816 3882 in
840 3826 1021 3885 Mirabilium
1044 3828 1162 3903 quidem
1190 3827 1268 3884 libro
1291 3828 1417 3903 eiusque
1440 3828 1612 3887 commentis
1634 3846 1703 3888 sae·

369 3926 437 3985 culo
458 3926 535 3984 XIV
561 3928 682 4004 scriptis
711 3947 817 3986 nomen
843 3929 908 3987 eius
934 3929 1168 4005 redintegratum
1195 3930 1244 3999 sit,
1273 3929 1386 4006 primus
1412 3939 1446 3989 ut
1472 3929 1589 3988 videtur
1611 3930 1702 3990 Blon·

369 4028 424 4086 dus
452 4028 575 4086 Flavius
600 4028 716 4087 Romae
743 4031 812 4088 inst.
834 4029 863 4101 2,
886 4029 923 4088 72
940 4048 980 4089 ss.
1011 4029 1224 4090 Graecostasin
1251 4035 1280 4088 in
1306 4034 1408 4090 montis
1434 4030 1568 4089 Palatini
1593 4033 1701 4109 anpulo

369 4140 468 4188 contra
489 4129 630 4187 Antonini
651 4141 677 4188 et
700 4131 858 4190 Faustinae
878 4136 977 4190 ucorio
1003 4134 1106 4203 fuisse,
1134 4134 1285 4191 comitium
1313 4142 1411 4190 autem
1438 4137 1468 4190 in
1489 4136 1559 4209 soro
1581 4151 1702 4192 romano

368 4237 442 4290 inter
469 4236 570 4289 turrim
596 4251 669 4307 quae
689 4233 845 4290 Pallara
872 4233 1039 4309 appellatur
1065 4243 1091 4292 et
1118 4235 1198 4294 lacus
1225 4232 1318 4291 Curtii
1344 4235 1433 4293 locam
1456 4233 1558 4310 (quem
1581 4235 1704 4294 dixerat

368 4353 384 4390 e
412 4334 535 4410 regione
560 4352 625 4391 esse
653 4331 709 4393 SS.
736 4332 867 4393 Cosmae
895 4347 924 4392 11
949 4335 1090 4393 Damiani
1118 4336 1270 4412 templum,
1298 4337 1435 4412 collisque
1462 4337 1592 4395 Palatini
1617 4357 1703 4412 quern

361 4439 431 4512 soro
453 4439 598 4494 imminere
619 4438 745 4494 uidemus
766 4438 880 4495 radices
902 4447 928 4495 et
948 4437 1107 4494 Faustinae
1128 4449 1312 4496 monumenta.
1356 4439 1460 4496 turrim
1483 4437 1566 4495 illam
1589 4438 1700 4497 dictam

370 4538 498 4597 Pallara
519 4539 613 4597 fuisse
629 4538 666 4595 ad
691 4556 714 4596 3.
731 4538 844 4596 Mariae
868 4538 896 4594 in
915 4538 1035 4596 Pallara
1056 4539 1222 4610 ecclesiam,
1245 4559 1320 4615 quim
1342 4539 1399 4596 suit
1420 4541 1450 4596 in
1465 4539 1586 4597 Palatio
1605 4559 1701 4619 prope

369 4659 469 4697 arcum
493 4640 554 4697 Titi
579 4640 620 4716 (v.
637 4640 715 4718 Top.
734 4637 860 4715 2‚509)‚
888 4642 962 4698 satis
989 4649 1102 4699 certum
1129 4640 1255 4699 videtur.
1300 4660 1335 4698 ac
1357 4641 1394 4698 de
1414 4639 1608 4699 Graecostasi
1631 4643 1703 4717 qui·

368 4742 434 4798 dem
461 4743 614 4817 persuasit
636 4743 805 4800 Albertinio
834 4743 853 4800 f.
870 4742 994 4801 XVlll¹
1020 4741 1067 4801 ed.
1090 4743 1166 4799 Maz.
1190 4753 1221 4800 at
1246 4761 1323 4818 quae
1350 4742 1453 4800 eodem
1480 4760 1539 4818 qno
1561 4742 1701 4803 Blandus

367 4852 502 4916 tempore
528 4843 663 4920 Poggius
690 4844 810 4920 scripsit
836 4844 872 4902 de
894 4864 956 4902 var.
979 4846 1118 4902 fortunae
1140 4843 1212 4902 libl
1237 4864 1266 4920 p.
1284 4843 1320 4900 21
1346 4842 1406 4917 (ed.
1429 4844 1527 4903 Paris.
1550 4862 1576 4902 a.
1604 4844 1701 4923 1723)

368 4963 406 5001 ex
433 4951 517 5018 parte
543 4955 656 5002 tantum
685 4945 838 5023 intellego:
867 4948 969 5021 sorum
995 4964 1063 5004 esse
1088 4963 1236 5022 porcorum
1266 4945 1488 5022 bubalorumque
1512 4947 1701 5006 diversorium

368 5048 507 5103 comitium
529 5047 656 5103 serendis
678 5047 801 5106 oleribus
823 5049 935 5106 cultum.
979 5057 1055 5107 estat
1079 5059 1171 5107 tamen
1200 5050 1305 5105 comitii
1321 5052 1418 5123 portio
1438 5050 1584 5124 quaedam
1604 5067 1700 5107 muro·

367 5165 429 5203 rum
450 5150 557 5223 insiqni
576 5156 733 5219 structura,
762 5153 792 5207 in
813 5150 915 5226 quibus
937 5150 1031 5208 adluc
1054 5152 1110 5208 duo
1132 5153 1216 5226 aipna
1237 5167 1397 5208 marmorea
1418 5158 1516 5225 topata
1537 5153 1567 5207 in
1589 5167 1699 5210 sumina
