<?xml version="1.0" encoding="UTF-8"?>
<!DOCTYPE html PUBLIC "-//W3C//DTD XHTML 1.0 Transitional//EN"
    "http://www.w3.org/TR/xhtml1/DTD/xhtml1-transitional.dtd">
<html xmlns="http://www.w3.org/1999/xhtml" xml:lang="en" lang="en">
 <head>
  <title>
</title>
<meta http-equiv="Content-Type" content="text/html;charset=utf-8" />
  <meta name='ocr-system' content='tesseract 3.04.00' />
  <meta name='ocr-capabilities' content='ocr_page ocr_carea ocr_par ocr_line ocrx_word'/>
</head>
<body>
  <div class='ocr_page' id='page_1' title='image "./ephemerisepigra02instgoog_0088.png"; bbox 0 0 3510 5812; ppageno 0'>
   <div class='ocr_carea' id='block_1_1' title="bbox 492 508 1463 578">
    <p class='ocr_par' dir='ltr' id='par_1_1' title="bbox 492 508 1463 578">
     <span class='ocr_line' id='line_1_1' title="bbox 492 508 1463 578; baseline 0.003 -3"><span class='ocrx_word' id='word_1_1' title='bbox 492 521 796 576; x_wconf 77' lang='lat' dir='ltr'><strong>ossaavanrouas</strong></span> <span class='ocrx_word' id='word_1_2' title='bbox 823 523 1111 576; x_wconf 75' lang='lat' dir='ltr'><strong>smcsnsmcaa.</strong></span> <span class='ocrx_word' id='word_1_3' title='bbox 1417 508 1463 578; x_wconf 83' lang='lat'><strong>79</strong></span> 
     </span>
    </p>
   </div>
   <div class='ocr_carea' id='block_1_2' title="bbox 118 696 1465 5262">
    <p class='ocr_par' dir='ltr' id='par_1_2' title="bbox 118 696 1465 5262">
     <span class='ocr_line' id='line_1_2' title="bbox 216 696 1465 775; baseline 0.004 -22"><span class='ocrx_word' id='word_1_4' title='bbox 216 696 327 754; x_wconf 81' lang='lat' dir='ltr'><strong>Album</strong></span> <span class='ocrx_word' id='word_1_5' title='bbox 354 696 446 771; x_wconf 86' lang='lat' dir='ltr'><strong>igitur</strong></span> <span class='ocrx_word' id='word_1_6' title='bbox 473 706 607 756; x_wconf 88' lang='lat' dir='ltr'><strong>tenemus</strong></span> <span class='ocrx_word' id='word_1_7' title='bbox 637 696 750 755; x_wconf 79' lang='lat' dir='ltr'>ordinis</span> <span class='ocrx_word' id='word_1_8' title='bbox 773 697 1044 774; x_wconf 86' lang='lat' dir='ltr'><strong>Thamugadensis,</strong></span> <span class='ocrx_word' id='word_1_9' title='bbox 1073 698 1161 775; x_wconf 90' lang='lat' dir='ltr'><strong>quale</strong></span> <span class='ocrx_word' id='word_1_10' title='bbox 1183 697 1264 756; x_wconf 89' lang='lat' dir='ltr'><strong>aliud</strong></span> <span class='ocrx_word' id='word_1_11' title='bbox 1291 699 1404 758; x_wconf 89' lang='lat' dir='ltr'><strong>nullum</strong></span> <span class='ocrx_word' id='word_1_12' title='bbox 1426 701 1465 758; x_wconf 90' lang='lat' dir='ltr'><strong>ad</strong></span> 
     </span>
     <span class='ocr_line' id='line_1_3' title="bbox 131 797 1464 876; baseline 0.002 -18"><span class='ocrx_word' id='word_1_13' title='bbox 131 815 187 859; x_wconf 89' lang='lat' dir='ltr'><strong>nos</strong></span> <span class='ocrx_word' id='word_1_14' title='bbox 209 799 344 873; x_wconf 86' lang='lat' dir='ltr'><strong>pervenit</strong></span> <span class='ocrx_word' id='word_1_15' title='bbox 366 809 486 874; x_wconf 84' lang='lat' dir='ltr'><strong>praeter</strong></span> <span class='ocrx_word' id='word_1_16' title='bbox 508 799 696 859; x_wconf 89' lang='lat' dir='ltr'><strong>notissimum</strong></span> <span class='ocrx_word' id='word_1_17' title='bbox 713 797 900 858; x_wconf 85' lang='lat' dir='ltr'><strong>Canusinum</strong></span> <span class='ocrx_word' id='word_1_18' title='bbox 924 799 1067 876; x_wconf 89' lang='lat' dir='ltr'><strong>scriptum</strong></span> <span class='ocrx_word' id='word_1_19' title='bbox 1090 820 1118 859; x_wconf 91' lang='lat' dir='ltr'><strong>a.</strong></span> <span class='ocrx_word' id='word_1_20' title='bbox 1134 798 1205 859; x_wconf 85' lang='lat' dir='ltr'><strong>Chr.</strong></span> <span class='ocrx_word' id='word_1_21' title='bbox 1223 799 1293 858; x_wconf 77' lang='grc'>733.</span> <span class='ocrx_word' id='word_1_22' title='bbox 1338 800 1385 859; x_wconf 91' lang='lat' dir='ltr'><strong>De</strong></span> <span class='ocrx_word' id='word_1_23' title='bbox 1406 803 1464 861; x_wconf 91' lang='lat' dir='ltr'><strong>hec</strong></span> 
     </span>
     <span class='ocr_line' id='line_1_4' title="bbox 130 901 1464 978; baseline 0.002 -20"><span class='ocrx_word' id='word_1_24' title='bbox 130 909 233 959; x_wconf 86' lang='lat' dir='ltr'><strong>nostro</strong></span> <span class='ocrx_word' id='word_1_25' title='bbox 260 910 293 958; x_wconf 92' lang='lat' dir='ltr'><strong>ut</strong></span> <span class='ocrx_word' id='word_1_26' title='bbox 319 907 399 960; x_wconf 87' lang='lat' dir='ltr'><strong>recte</strong></span> <span class='ocrx_word' id='word_1_27' title='bbox 425 901 580 971; x_wconf 89' lang='lat' dir='ltr'><strong>iudicetur,</strong></span> <span class='ocrx_word' id='word_1_28' title='bbox 609 908 679 960; x_wconf 88' lang='lat' dir='ltr'><strong>ante</strong></span> <span class='ocrx_word' id='word_1_29' title='bbox 706 902 806 960; x_wconf 91' lang='lat' dir='ltr'><strong>omnia</strong></span> <span class='ocrx_word' id='word_1_30' title='bbox 828 913 911 961; x_wconf 85' lang='lat' dir='ltr'><strong>aetas</strong></span> <span class='ocrx_word' id='word_1_31' title='bbox 934 902 1160 961; x_wconf 88' lang='lat' dir='ltr'><strong>determinanda</strong></span> <span class='ocrx_word' id='word_1_32' title='bbox 1181 911 1237 974; x_wconf 86' lang='lat' dir='ltr'><strong>est,</strong></span> <span class='ocrx_word' id='word_1_33' title='bbox 1259 903 1339 978; x_wconf 92' lang='lat' dir='ltr'><strong>quod</strong></span> <span class='ocrx_word' id='word_1_34' title='bbox 1360 921 1464 978; x_wconf 90' lang='lat' dir='ltr'><strong>quam·</strong></span> 
     </span>
     <span class='ocr_line' id='line_1_5' title="bbox 131 1002 1464 1078; baseline 0.002 -18"><span class='ocrx_word' id='word_1_35' title='bbox 131 1020 221 1078; x_wconf 86' lang='lat' dir='ltr'><strong>quam</strong></span> <span class='ocrx_word' id='word_1_36' title='bbox 250 1002 390 1062; x_wconf 87' lang='lat' dir='ltr'><strong>eonsules</strong></span> <span class='ocrx_word' id='word_1_37' title='bbox 418 1021 477 1060; x_wconf 91' lang='lat' dir='ltr'><strong>non</strong></span> <span class='ocrx_word' id='word_1_38' title='bbox 501 1004 598 1075; x_wconf 87' lang='lat' dir='ltr'><strong>habet,</strong></span> <span class='ocrx_word' id='word_1_39' title='bbox 626 1014 658 1062; x_wconf 89' lang='lat' dir='ltr'><strong>ut</strong></span> <span class='ocrx_word' id='word_1_40' title='bbox 680 1004 770 1062; x_wconf 87' lang='lat' dir='ltr'><strong>habet</strong></span> <span class='ocrx_word' id='word_1_41' title='bbox 793 1002 989 1076; x_wconf 81' lang='lat' dir='ltr'><strong>Canusinam,</strong></span> <span class='ocrx_word' id='word_1_42' title='bbox 1015 1004 1208 1064; x_wconf 89' lang='lat' dir='ltr'><strong>nihilominus</strong></span> <span class='ocrx_word' id='word_1_43' title='bbox 1230 1013 1312 1063; x_wconf 86' lang='lat' dir='ltr'><strong>certa</strong></span> <span class='ocrx_word' id='word_1_44' title='bbox 1333 1015 1363 1062; x_wconf 88' lang='lat' dir='ltr'><strong>et</strong></span> <span class='ocrx_word' id='word_1_45' title='bbox 1383 1005 1464 1064; x_wconf 90' lang='lat' dir='ltr'><strong>facili</strong></span> 
     </span>
     <span class='ocr_line' id='line_1_6' title="bbox 130 1105 1463 1182; baseline 0.002 -19"><span class='ocrx_word' id='word_1_46' title='bbox 130 1105 246 1164; x_wconf 88' lang='lat' dir='ltr'><strong>ratione</strong></span> <span class='ocrx_word' id='word_1_47' title='bbox 273 1105 375 1182; x_wconf 87' lang='lat' dir='ltr'><strong>perfici</strong></span> <span class='ocrx_word' id='word_1_48' title='bbox 402 1114 511 1182; x_wconf 88' lang='lat' dir='ltr'><strong>potest.</strong></span> <span class='ocrx_word' id='word_1_49' title='bbox 555 1106 632 1164; x_wconf 86' lang='lat' dir='ltr'><strong>Tres</strong></span> <span class='ocrx_word' id='word_1_50' title='bbox 661 1106 738 1164; x_wconf 90' lang='lat' dir='ltr'><strong>enim</strong></span> <span class='ocrx_word' id='word_1_51' title='bbox 767 1107 902 1164; x_wconf 90' lang='lat' dir='ltr'><strong>homines</strong></span> <span class='ocrx_word' id='word_1_52' title='bbox 931 1125 970 1164; x_wconf 85' lang='lat' dir='ltr'><strong>ex</strong></span> <span class='ocrx_word' id='word_1_53' title='bbox 998 1107 1154 1165; x_wconf 78' lang='lat' dir='ltr'><strong>recensitis</strong></span> <span class='ocrx_word' id='word_1_54' title='bbox 1181 1106 1224 1165; x_wconf 88' lang='lat' dir='ltr'><strong>ibi</strong></span> <span class='ocrx_word' id='word_1_55' title='bbox 1252 1106 1372 1165; x_wconf 80' lang='lat' dir='ltr'><strong>aliunde</strong></span> <span class='ocrx_word' id='word_1_56' title='bbox 1400 1109 1463 1165; x_wconf 90' lang='lat' dir='ltr'><strong>noti</strong></span> 
     </span>
     <span class='ocr_line' id='line_1_7' title="bbox 130 1207 1462 1286; baseline 0.002 -20"><span class='ocrx_word' id='word_1_57' title='bbox 130 1218 211 1279; x_wconf 92' lang='lat' dir='ltr'><strong>sunt,</strong></span> <span class='ocrx_word' id='word_1_58' title='bbox 234 1207 396 1266; x_wconf 84' lang='lat' dir='ltr'>Vulcacius</span> <span class='ocrx_word' id='word_1_59' title='bbox 419 1208 546 1268; x_wconf 87' lang='lat' dir='ltr'>Rufinus</span> <span class='ocrx_word' id='word_1_60' title='bbox 569 1207 613 1284; x_wconf 91' lang='lat' dir='ltr'><strong>(l,</strong></span> <span class='ocrx_word' id='word_1_61' title='bbox 630 1209 672 1283; x_wconf 89' lang='lat'><strong>3),</strong></span> <span class='ocrx_word' id='word_1_62' title='bbox 695 1209 747 1283; x_wconf 91' lang='lat' dir='ltr'><strong>qui</strong></span> <span class='ocrx_word' id='word_1_63' title='bbox 768 1209 845 1266; x_wconf 89' lang='lat' dir='ltr'><strong>inter</strong></span> <span class='ocrx_word' id='word_1_64' title='bbox 866 1219 1009 1285; x_wconf 87' lang='lat' dir='ltr'><strong>patronos</strong></span> <span class='ocrx_word' id='word_1_65' title='bbox 1033 1208 1176 1267; x_wconf 88' lang='lat' dir='ltr'><strong>senatorii</strong></span> <span class='ocrx_word' id='word_1_66' title='bbox 1199 1207 1312 1267; x_wconf 79' lang='lat' dir='ltr'>ordinis</span> <span class='ocrx_word' id='word_1_67' title='bbox 1333 1209 1462 1286; x_wconf 88' lang='lat' dir='ltr'><strong>primum</strong></span> 
     </span>
     <span class='ocr_line' id='line_1_8' title="bbox 130 1309 1462 1386; baseline 0.003 -20"><span class='ocrx_word' id='word_1_68' title='bbox 130 1309 230 1368; x_wconf 91' lang='lat' dir='ltr'><strong>locum</strong></span> <span class='ocrx_word' id='word_1_69' title='bbox 257 1309 382 1380; x_wconf 87' lang='lat' dir='ltr'><strong>obtinet,</strong></span> <span class='ocrx_word' id='word_1_70' title='bbox 409 1316 438 1366; x_wconf 90' lang='lat' dir='ltr'><strong>et</strong></span> <span class='ocrx_word' id='word_1_71' title='bbox 460 1310 595 1369; x_wconf 90' lang='lat' dir='ltr'><strong>flamines</strong></span> <span class='ocrx_word' id='word_1_72' title='bbox 617 1310 752 1386; x_wconf 88' lang='lat' dir='ltr'><strong>perpetui</strong></span> <span class='ocrx_word' id='word_1_73' title='bbox 780 1310 838 1368; x_wconf 92' lang='lat' dir='ltr'><strong>duo</strong></span> <span class='ocrx_word' id='word_1_74' title='bbox 865 1310 990 1370; x_wconf 87' lang='lat' dir='ltr'><strong>Flavius</strong></span> <span class='ocrx_word' id='word_1_75' title='bbox 1012 1311 1175 1386; x_wconf 83' lang='lat' dir='ltr'><strong>Aquilinus</strong></span> <span class='ocrx_word' id='word_1_76' title='bbox 1198 1309 1241 1386; x_wconf 75' lang='grc'><strong>(1,</strong></span> <span class='ocrx_word' id='word_1_77' title='bbox 1259 1310 1290 1386; x_wconf 94' lang='grc'><strong>6)</strong></span> <span class='ocrx_word' id='word_1_78' title='bbox 1316 1318 1346 1369; x_wconf 83' lang='grc'><strong>01</strong></span> <span class='ocrx_word' id='word_1_79' title='bbox 1367 1312 1462 1370; x_wconf 82' lang='lat' dir='ltr'><strong>Anto·</strong></span> 
     </span>
     <span class='ocr_line' id='line_1_9' title="bbox 130 1409 1461 1487; baseline 0.002 -18"><span class='ocrx_word' id='word_1_80' title='bbox 130 1411 200 1469; x_wconf 89' lang='lat' dir='ltr'><strong>nius</strong></span> <span class='ocrx_word' id='word_1_81' title='bbox 223 1410 425 1470; x_wconf 89' lang='lat' dir='ltr'><strong>Petronianus</strong></span> <span class='ocrx_word' id='word_1_82' title='bbox 449 1409 491 1485; x_wconf 78' lang='grc'>(3,</span> <span class='ocrx_word' id='word_1_83' title='bbox 510 1411 573 1487; x_wconf 91' lang='grc'>11).</span> <span class='ocrx_word' id='word_1_84' title='bbox 617 1411 780 1470; x_wconf 78' lang='lat' dir='ltr'><strong>Vulcacius</strong></span> <span class='ocrx_word' id='word_1_85' title='bbox 800 1411 929 1470; x_wconf 86' lang='lat' dir='ltr'><strong>Rufinus</strong></span> <span class='ocrx_word' id='word_1_86' title='bbox 956 1413 1122 1472; x_wconf 84' lang='lat' dir='ltr'><strong>avunculus</strong></span> <span class='ocrx_word' id='word_1_87' title='bbox 1144 1420 1191 1472; x_wconf 89' lang='lat' dir='ltr'><strong>est</strong></span> <span class='ocrx_word' id='word_1_88' title='bbox 1213 1411 1296 1472; x_wconf 86' lang='lat' dir='ltr'><strong>Galli</strong></span> <span class='ocrx_word' id='word_1_89' title='bbox 1319 1410 1461 1472; x_wconf 80' lang='lat' dir='ltr'><strong>Caesaris</strong></span> 
     </span>
     <span class='ocr_line' id='line_1_10' title="bbox 130 1510 1461 1592; baseline 0 -20"><span class='ocrx_word' id='word_1_90' title='bbox 130 1523 159 1572; x_wconf 87' lang='lat' dir='ltr'><strong>et</strong></span> <span class='ocrx_word' id='word_1_91' title='bbox 191 1513 381 1590; x_wconf 88' lang='lat' dir='ltr'><strong>imperatoris</strong></span> <span class='ocrx_word' id='word_1_92' title='bbox 414 1513 535 1582; x_wconf 89' lang='lat' dir='ltr'><strong>Iuliani,</strong></span> <span class='ocrx_word' id='word_1_93' title='bbox 568 1510 677 1572; x_wconf 80' lang='lat' dir='ltr'>Gallae</span> <span class='ocrx_word' id='word_1_94' title='bbox 704 1514 796 1592; x_wconf 83' lang='lat' dir='ltr'><strong>igitur</strong></span> <span class='ocrx_word' id='word_1_95' title='bbox 822 1516 926 1573; x_wconf 88' lang='lat' dir='ltr'><strong>matris</strong></span> <span class='ocrx_word' id='word_1_96' title='bbox 955 1533 1058 1574; x_wconf 88' lang='lat' dir='ltr'><strong>eorum</strong></span> <span class='ocrx_word' id='word_1_97' title='bbox 1085 1513 1188 1586; x_wconf 89' lang='lat' dir='ltr'><strong>frater,</strong></span> <span class='ocrx_word' id='word_1_98' title='bbox 1221 1532 1289 1572; x_wconf 90' lang='lat' dir='ltr'><strong>eum</strong></span> <span class='ocrx_word' id='word_1_99' title='bbox 1316 1514 1461 1574; x_wconf 82' lang='lat' dir='ltr'><strong>Vulcacio</strong></span> 
     </span>
     <span class='ocr_line' id='line_1_11' title="bbox 131 1613 1463 1693; baseline 0 -18"><span class='ocrx_word' id='word_1_100' title='bbox 131 1613 291 1675; x_wconf 85' lang='lat' dir='ltr'><strong>Gallicano</strong></span> <span class='ocrx_word' id='word_1_101' title='bbox 323 1634 423 1673; x_wconf 88' lang='lat' dir='ltr'><strong>rerum</strong></span> <span class='ocrx_word' id='word_1_102' title='bbox 457 1615 601 1690; x_wconf 85' lang='lat' dir='ltr'><strong>scriptore</strong></span> <span class='ocrx_word' id='word_1_103' title='bbox 633 1617 740 1675; x_wconf 85' lang='lat' dir='ltr'><strong>aetatis</strong></span> <span class='ocrx_word' id='word_1_104' title='bbox 774 1613 1042 1676; x_wconf 76' lang='lat' dir='ltr'><strong>Constantinianus</strong></span> <span class='ocrx_word' id='word_1_105' title='bbox 1077 1617 1179 1676; x_wconf 90' lang='lat' dir='ltr'><strong>neseio</strong></span> <span class='ocrx_word' id='word_1_106' title='bbox 1212 1634 1271 1693; x_wconf 90' lang='lat' dir='ltr'><strong>qua</strong></span> <span class='ocrx_word' id='word_1_107' title='bbox 1307 1617 1463 1693; x_wconf 88' lang='lat' dir='ltr'><strong>parentela</strong></span> 
     </span>
     <span class='ocr_line' id='line_1_12' title="bbox 128 1717 1460 1795; baseline 0.002 -20"><span class='ocrx_word' id='word_1_108' title='bbox 128 1718 314 1789; x_wconf 88' lang='lat' dir='ltr'><strong>coniunctus,</strong></span> <span class='ocrx_word' id='word_1_109' title='bbox 337 1717 443 1777; x_wconf 88' lang='lat' dir='ltr'><strong>consul</strong></span> <span class='ocrx_word' id='word_1_110' title='bbox 465 1717 634 1776; x_wconf 89' lang='lat' dir='ltr'><strong>ordinarius</strong></span> <span class='ocrx_word' id='word_1_111' title='bbox 657 1738 684 1776; x_wconf 91' lang='lat' dir='ltr'><strong>a.</strong></span> <span class='ocrx_word' id='word_1_112' title='bbox 708 1718 779 1789; x_wconf 82' lang='lat'><strong>347,</strong></span> <span class='ocrx_word' id='word_1_113' title='bbox 802 1718 970 1795; x_wconf 83' lang='lat' dir='ltr'><strong>praefectus</strong></span> <span class='ocrx_word' id='word_1_114' title='bbox 993 1720 1144 1795; x_wconf 88' lang='lat' dir='ltr'><strong>praetorio</strong></span> <span class='ocrx_word' id='word_1_115' title='bbox 1167 1739 1194 1777; x_wconf 89' lang='lat' dir='ltr'><strong>a.</strong></span> <span class='ocrx_word' id='word_1_116' title='bbox 1212 1718 1271 1778; x_wconf 81' lang='lat'><strong>349</strong></span> <span class='ocrx_word' id='word_1_117' title='bbox 1295 1717 1460 1794; x_wconf 87' lang='lat' dir='ltr'><strong>(adquam</strong></span> 
     </span>
     <span class='ocr_line' id='line_1_13' title="bbox 129 1817 1460 1897; baseline 0.002 -20"><span class='ocrx_word' id='word_1_118' title='bbox 129 1819 346 1897; x_wconf 82' lang='lat' dir='ltr'><strong>praefecturam</strong></span> <span class='ocrx_word' id='word_1_119' title='bbox 374 1829 491 1896; x_wconf 86' lang='lat' dir='ltr'><strong>spectat</strong></span> <span class='ocrx_word' id='word_1_120' title='bbox 519 1819 623 1879; x_wconf 90' lang='lat' dir='ltr'><strong>titulus</strong></span> <span class='ocrx_word' id='word_1_121' title='bbox 651 1820 716 1879; x_wconf 89' lang='lat' dir='ltr'><strong>cius</strong></span> <span class='ocrx_word' id='word_1_122' title='bbox 745 1817 933 1880; x_wconf 87' lang='lat' dir='ltr'><strong>Savariensis</strong></span> <span class='ocrx_word' id='word_1_123' title='bbox 961 1820 1019 1878; x_wconf 85' lang='lat' dir='ltr'><strong>vol.</strong></span> <span class='ocrx_word' id='word_1_124' title='bbox 1036 1821 1085 1878; x_wconf 91' lang='lat'><strong>111</strong></span> <span class='ocrx_word' id='word_1_125' title='bbox 1108 1841 1137 1878; x_wconf 92' lang='lat' dir='ltr'><strong>n.</strong></span> <span class='ocrx_word' id='word_1_126' title='bbox 1152 1819 1263 1896; x_wconf 88' lang='grc'>4180),</span> <span class='ocrx_word' id='word_1_127' title='bbox 1291 1821 1460 1897; x_wconf 89' lang='lat' dir='ltr'><strong>praefectus</strong></span> 
     </span>
     <span class='ocr_line' id='line_1_14' title="bbox 128 1921 1459 1998; baseline 0.002 -20"><span class='ocrx_word' id='word_1_128' title='bbox 128 1921 280 1998; x_wconf 89' lang='lat' dir='ltr'><strong>praetorio</strong></span> <span class='ocrx_word' id='word_1_129' title='bbox 301 1922 408 1980; x_wconf 87' lang='lat' dir='ltr'><strong>iterum</strong></span> <span class='ocrx_word' id='word_1_130' title='bbox 432 1941 458 1979; x_wconf 88' lang='lat' dir='ltr'><strong>a.</strong></span> <span class='ocrx_word' id='word_1_131' title='bbox 484 1921 553 1992; x_wconf 83' lang='lat'><strong>368,</strong></span> <span class='ocrx_word' id='word_1_132' title='bbox 581 1922 611 1979; x_wconf 90' lang='lat' dir='ltr'><strong>in</strong></span> <span class='ocrx_word' id='word_1_133' title='bbox 639 1940 698 1997; x_wconf 90' lang='lat' dir='ltr'><strong>quo</strong></span> <span class='ocrx_word' id='word_1_134' title='bbox 726 1923 840 1981; x_wconf 88' lang='lat' dir='ltr'><strong>honore</strong></span> <span class='ocrx_word' id='word_1_135' title='bbox 862 1923 936 1981; x_wconf 91' lang='lat' dir='ltr'><strong>obiit</strong></span> <span class='ocrx_word' id='word_1_136' title='bbox 958 1923 1124 1998; x_wconf 83' lang='lat' dir='ltr'><strong>(Ammian.</strong></span> <span class='ocrx_word' id='word_1_137' title='bbox 1141 1921 1190 1994; x_wconf 79' lang='grc'><strong>27,</strong></span> <span class='ocrx_word' id='word_1_138' title='bbox 1207 1921 1235 1994; x_wconf 72' lang='grc'><strong>1,</strong></span> <span class='ocrx_word' id='word_1_139' title='bbox 1252 1921 1280 1980; x_wconf 74' lang='lat'><strong>2.</strong></span> <span class='ocrx_word' id='word_1_140' title='bbox 1303 1940 1328 1980; x_wconf 87' lang='lat' dir='ltr'><strong>c.</strong></span> <span class='ocrx_word' id='word_1_141' title='bbox 1347 1924 1394 1995; x_wconf 91' lang='lat' dir='ltr'><strong>ll,</strong></span> <span class='ocrx_word' id='word_1_142' title='bbox 1414 1923 1459 1998; x_wconf 91' lang='lat' dir='ltr'><strong>l);</strong></span> 
     </span>
     <span class='ocr_line' id='line_1_15' title="bbox 129 2023 1459 2101; baseline -0.001 -18"><span class='ocrx_word' id='word_1_143' title='bbox 129 2042 197 2083; x_wconf 91' lang='lat' dir='ltr'><strong>nam</strong></span> <span class='ocrx_word' id='word_1_144' title='bbox 226 2023 378 2082; x_wconf 85' lang='lat' dir='ltr'><strong>diversum</strong></span> <span class='ocrx_word' id='word_1_145' title='bbox 405 2024 484 2081; x_wconf 92' lang='lat' dir='ltr'><strong>hunc</strong></span> <span class='ocrx_word' id='word_1_146' title='bbox 512 2043 531 2081; x_wconf 91' lang='lat' dir='ltr'><strong>a</strong></span> <span class='ocrx_word' id='word_1_147' title='bbox 560 2024 710 2099; x_wconf 87' lang='lat' dir='ltr'><strong>praefecto</strong></span> <span class='ocrx_word' id='word_1_148' title='bbox 733 2044 760 2082; x_wconf 90' lang='lat' dir='ltr'><strong>a.</strong></span> <span class='ocrx_word' id='word_1_149' title='bbox 784 2024 843 2082; x_wconf 85' lang='grc'>349</span> <span class='ocrx_word' id='word_1_150' title='bbox 871 2025 1031 2101; x_wconf 90' lang='lat' dir='ltr'><strong>quominus</strong></span> <span class='ocrx_word' id='word_1_151' title='bbox 1052 2024 1226 2095; x_wconf 87' lang='lat' dir='ltr'><strong>habeamus,</strong></span> <span class='ocrx_word' id='word_1_152' title='bbox 1255 2026 1354 2084; x_wconf 90' lang='lat' dir='ltr'><strong>obstet</strong></span> <span class='ocrx_word' id='word_1_153' title='bbox 1378 2025 1459 2100; x_wconf 90' lang='lat' dir='ltr'><strong>quod</strong></span> 
     </span>
     <span class='ocr_line' id='line_1_16' title="bbox 128 2125 1459 2203; baseline 0 -19"><span class='ocrx_word' id='word_1_154' title='bbox 128 2126 171 2185; x_wconf 87' lang='lat' dir='ltr'><strong>ait</strong></span> <span class='ocrx_word' id='word_1_155' title='bbox 191 2126 370 2185; x_wconf 83' lang='lat' dir='ltr'><strong>Ammianus</strong></span> <span class='ocrx_word' id='word_1_156' title='bbox 393 2144 460 2184; x_wconf 90' lang='lat' dir='ltr'><strong>eum</strong></span> <span class='ocrx_word' id='word_1_157' title='bbox 484 2125 560 2184; x_wconf 90' lang='lat' dir='ltr'><strong>hanc</strong></span> <span class='ocrx_word' id='word_1_158' title='bbox 582 2127 800 2202; x_wconf 83' lang='lat' dir='ltr'><strong>praefecturam</strong></span> <span class='ocrx_word' id='word_1_159' title='bbox 827 2127 994 2186; x_wconf 82' lang='lat' dir='ltr'><strong>obtinuisse</strong></span> <span class='ocrx_word' id='word_1_160' title='bbox 1016 2127 1091 2186; x_wconf 84' lang='lat' dir='ltr'><strong>uelut</strong></span> <span class='ocrx_word' id='word_1_161' title='bbox 1111 2130 1221 2203; x_wconf 80' lang='lat' dir='ltr'><strong>apicem</strong></span> <span class='ocrx_word' id='word_1_162' title='bbox 1241 2131 1388 2186; x_wconf 79' lang='lat' dir='ltr'><strong>senectutis</strong></span> <span class='ocrx_word' id='word_1_163' title='bbox 1411 2128 1459 2184; x_wconf 80' lang='lat' dir='ltr'><strong>lo·</strong></span> 
     </span>
     <span class='ocr_line' id='line_1_17' title="bbox 127 2226 1459 2305; baseline 0.001 -19"><span class='ocrx_word' id='word_1_164' title='bbox 127 2237 255 2287; x_wconf 85' lang='lat' dir='ltr'><strong>noratae.</strong></span> <span class='ocrx_word' id='word_1_165' title='bbox 299 2226 438 2288; x_wconf 82' lang='lat' dir='ltr'><strong>Ceterum</strong></span> <span class='ocrx_word' id='word_1_166' title='bbox 467 2226 503 2287; x_wconf 90' lang='lat' dir='ltr'><strong>de</strong></span> <span class='ocrx_word' id='word_1_167' title='bbox 524 2227 634 2286; x_wconf 87' lang='lat' dir='ltr'><strong>Rufino</strong></span> <span class='ocrx_word' id='word_1_168' title='bbox 656 2230 714 2287; x_wconf 91' lang='lat' dir='ltr'><strong>hoc</strong></span> <span class='ocrx_word' id='word_1_169' title='bbox 735 2227 801 2285; x_wconf 84' lang='lat' dir='ltr'><strong>ride</strong></span> <span class='ocrx_word' id='word_1_170' title='bbox 823 2247 902 2304; x_wconf 88' lang='lat' dir='ltr'><strong>quae</strong></span> <span class='ocrx_word' id='word_1_171' title='bbox 928 2230 1082 2305; x_wconf 84' lang='lat' dir='ltr'><strong>congessit</strong></span> <span class='ocrx_word' id='word_1_172' title='bbox 1104 2227 1310 2289; x_wconf 87' lang='lat' dir='ltr'><strong>Gothefredus</strong></span> <span class='ocrx_word' id='word_1_173' title='bbox 1337 2229 1368 2287; x_wconf 90' lang='lat' dir='ltr'><strong>in</strong></span> <span class='ocrx_word' id='word_1_174' title='bbox 1391 2246 1459 2304; x_wconf 91' lang='lat' dir='ltr'><strong>pro·</strong></span> 
     </span>
     <span class='ocr_line' id='line_1_18' title="bbox 127 2327 1459 2408; baseline 0.001 -20"><span class='ocrx_word' id='word_1_175' title='bbox 127 2331 332 2408; x_wconf 81' lang='lat' dir='ltr'><strong>sopographia</strong></span> <span class='ocrx_word' id='word_1_176' title='bbox 353 2349 382 2406; x_wconf 85' lang='lat' dir='ltr'><strong>p.</strong></span> <span class='ocrx_word' id='word_1_177' title='bbox 399 2329 448 2388; x_wconf 85' lang='lat'><strong>81.</strong></span> <span class='ocrx_word' id='word_1_178' title='bbox 473 2327 526 2400; x_wconf 73' lang='lat'><strong>823</strong></span> <span class='ocrx_word' id='word_1_179' title='bbox 553 2348 649 2407; x_wconf 89' lang='lat' dir='ltr'><strong>neque</strong></span> <span class='ocrx_word' id='word_1_180' title='bbox 676 2331 752 2388; x_wconf 91' lang='lat' dir='ltr'><strong>enim</strong></span> <span class='ocrx_word' id='word_1_181' title='bbox 781 2331 871 2389; x_wconf 89' lang='lat' dir='ltr'><strong>rebus</strong></span> <span class='ocrx_word' id='word_1_182' title='bbox 899 2332 992 2407; x_wconf 84' lang='lat' dir='ltr'><strong>gestis</strong></span> <span class='ocrx_word' id='word_1_183' title='bbox 1015 2332 1079 2390; x_wconf 89' lang='lat' dir='ltr'><strong>eius</strong></span> <span class='ocrx_word' id='word_1_184' title='bbox 1101 2331 1275 2391; x_wconf 87' lang='lat' dir='ltr'><strong>enarrandis</strong></span> <span class='ocrx_word' id='word_1_185' title='bbox 1301 2332 1357 2390; x_wconf 89' lang='lat' dir='ltr'><strong>hoc</strong></span> <span class='ocrx_word' id='word_1_186' title='bbox 1379 2349 1459 2389; x_wconf 92' lang='lat' dir='ltr'><strong>com·</strong></span> 
     </span>
     <span class='ocr_line' id='line_1_19' title="bbox 128 2432 1457 2510; baseline 0 -20"><span class='ocrx_word' id='word_1_187' title='bbox 128 2432 335 2491; x_wconf 82' lang='lat' dir='ltr'><strong>menteriolum</strong></span> <span class='ocrx_word' id='word_1_188' title='bbox 363 2441 467 2509; x_wconf 89' lang='lat' dir='ltr'><strong>aptum</strong></span> <span class='ocrx_word' id='word_1_189' title='bbox 497 2440 551 2491; x_wconf 87' lang='lat' dir='ltr'><strong>est.</strong></span> <span class='ocrx_word' id='word_1_190' title='bbox 596 2433 733 2491; x_wconf 89' lang='lat' dir='ltr'><strong>Alterum</strong></span> <span class='ocrx_word' id='word_1_191' title='bbox 762 2432 826 2490; x_wconf 86' lang='lat' dir='ltr'><strong>eius</strong></span> <span class='ocrx_word' id='word_1_192' title='bbox 853 2433 983 2492; x_wconf 91' lang='lat' dir='ltr'><strong>nominis</strong></span> <span class='ocrx_word' id='word_1_193' title='bbox 1011 2434 1108 2491; x_wconf 84' lang='lat' dir='ltr'><strong>virum</strong></span> <span class='ocrx_word' id='word_1_194' title='bbox 1135 2451 1316 2510; x_wconf 90' lang='lat' dir='ltr'><strong>quamquam</strong></span> <span class='ocrx_word' id='word_1_195' title='bbox 1343 2433 1457 2491; x_wconf 90' lang='lat' dir='ltr'><strong>nullum</strong></span> 
     </span>
     <span class='ocr_line' id='line_1_20' title="bbox 127 2532 1456 2610; baseline 0.002 -19"><span class='ocrx_word' id='word_1_196' title='bbox 127 2532 221 2594; x_wconf 91' lang='lat' dir='ltr'><strong>fuisse</strong></span> <span class='ocrx_word' id='word_1_197' title='bbox 243 2534 441 2593; x_wconf 88' lang='lat' dir='ltr'><strong>demonstrari</strong></span> <span class='ocrx_word' id='word_1_198' title='bbox 464 2553 523 2592; x_wconf 94' lang='lat' dir='ltr'><strong>non</strong></span> <span class='ocrx_word' id='word_1_199' title='bbox 546 2543 654 2610; x_wconf 87' lang='lat' dir='ltr'><strong>potest,</strong></span> <span class='ocrx_word' id='word_1_200' title='bbox 677 2544 755 2593; x_wconf 90' lang='lat' dir='ltr'><strong>certe</strong></span> <span class='ocrx_word' id='word_1_201' title='bbox 770 2534 885 2592; x_wconf 92' lang='lat' dir='ltr'><strong>nullum</strong></span> <span class='ocrx_word' id='word_1_202' title='bbox 901 2535 1048 2593; x_wconf 87' lang='lat' dir='ltr'><strong>novimus.</strong></span> <span class='ocrx_word' id='word_1_203' title='bbox 1066 2568 1104 2578; x_wconf 92' lang='lat'><em>-</em></span> <span class='ocrx_word' id='word_1_204' title='bbox 1122 2534 1191 2593; x_wconf 91' lang='lat' dir='ltr'><strong>Due</strong></span> <span class='ocrx_word' id='word_1_205' title='bbox 1207 2542 1304 2593; x_wconf 86' lang='lat' dir='ltr'><strong>autern</strong></span> <span class='ocrx_word' id='word_1_206' title='bbox 1320 2534 1456 2593; x_wconf 88' lang='lat' dir='ltr'><strong>flamines</strong></span> 
     </span>
     <span class='ocr_line' id='line_1_21' title="bbox 126 2635 1456 2714; baseline 0 -20"><span class='ocrx_word' id='word_1_207' title='bbox 126 2636 171 2694; x_wconf 92' lang='lat' dir='ltr'><strong>illi</strong></span> <span class='ocrx_word' id='word_1_208' title='bbox 194 2638 319 2695; x_wconf 87' lang='lat' dir='ltr'><strong>redeunt</strong></span> <span class='ocrx_word' id='word_1_209' title='bbox 341 2656 407 2695; x_wconf 89' lang='lat' dir='ltr'><strong>curn</strong></span> <span class='ocrx_word' id='word_1_210' title='bbox 430 2654 464 2693; x_wconf 82' lang='lat' dir='ltr'><strong>eo</strong></span> <span class='ocrx_word' id='word_1_211' title='bbox 492 2637 559 2711; x_wconf 89' lang='lat' dir='ltr'><strong>ipso</strong></span> <span class='ocrx_word' id='word_1_212' title='bbox 582 2637 751 2694; x_wconf 89' lang='lat' dir='ltr'><strong>sacerdotio</strong></span> <span class='ocrx_word' id='word_1_213' title='bbox 774 2637 805 2695; x_wconf 93' lang='lat' dir='ltr'><strong>in</strong></span> <span class='ocrx_word' id='word_1_214' title='bbox 831 2637 926 2695; x_wconf 92' lang='lat' dir='ltr'><strong>titulis</strong></span> <span class='ocrx_word' id='word_1_215' title='bbox 953 2636 1068 2695; x_wconf 89' lang='lat' dir='ltr'><strong>duobus</strong></span> <span class='ocrx_word' id='word_1_216' title='bbox 1091 2635 1391 2714; x_wconf 84' lang='lat' dir='ltr'><strong>Thamugadensibus</strong></span> <span class='ocrx_word' id='word_1_217' title='bbox 1413 2637 1456 2694; x_wconf 91' lang='lat' dir='ltr'><strong>al-</strong></span> 
     </span>
     <span class='ocr_line' id='line_1_22' title="bbox 126 2736 1458 2817; baseline 0 -21"><span class='ocrx_word' id='word_1_218' title='bbox 126 2749 190 2796; x_wconf 90' lang='lat' dir='ltr'><strong>tero</strong></span> <span class='ocrx_word' id='word_1_219' title='bbox 223 2740 304 2817; x_wconf 89' lang='lat' dir='ltr'><strong>apud</strong></span> <span class='ocrx_word' id='word_1_220' title='bbox 331 2738 503 2797; x_wconf 87' lang='lat' dir='ltr'><strong>Renierium</strong></span> <span class='ocrx_word' id='word_1_221' title='bbox 537 2759 564 2796; x_wconf 89' lang='lat' dir='ltr'><strong>rr.</strong></span> <span class='ocrx_word' id='word_1_222' title='bbox 584 2736 662 2796; x_wconf 83' lang='lat'>1519</span> <span class='ocrx_word' id='word_1_223' title='bbox 696 2748 726 2796; x_wconf 89' lang='lat' dir='ltr'><strong>et</strong></span> <span class='ocrx_word' id='word_1_224' title='bbox 753 2738 982 2797; x_wconf 89' lang='lat' dir='ltr'><strong>Wilmannsium</strong></span> <span class='ocrx_word' id='word_1_225' title='bbox 1015 2737 1113 2812; x_wconf 90' lang='lat' dir='ltr'><strong>ipsum</strong></span> <span class='ocrx_word' id='word_1_226' title='bbox 1147 2758 1175 2796; x_wconf 93' lang='lat' dir='ltr'><strong>n.</strong></span> <span class='ocrx_word' id='word_1_227' title='bbox 1198 2737 1292 2797; x_wconf 86' lang='lat'>1088:</span> <span class='ocrx_word' id='word_1_228' title='bbox 1327 2740 1458 2797; x_wconf 81' lang='lat' dir='ltr'><strong>domitori</strong></span> 
     </span>
     <span class='ocr_line' id='line_1_23' title="bbox 126 2840 1458 2916; baseline -0.001 -17"><span class='ocrx_word' id='word_1_229' title='bbox 126 2841 256 2913; x_wconf 79' lang='lat' dir='ltr'><strong>lectiam,</strong></span> <span class='ocrx_word' id='word_1_230' title='bbox 282 2845 385 2899; x_wconf 84' lang='lat' dir='ltr'><strong>ineicto</strong></span> <span class='ocrx_word' id='word_1_231' title='bbox 413 2845 493 2916; x_wconf 67' lang='lat' dir='ltr'><strong>imp,</strong></span> <span class='ocrx_word' id='word_1_232' title='bbox 522 2840 766 2916; x_wconf 78' lang='lat' dir='ltr'><strong>induipentieaimo</strong></span> <span class='ocrx_word' id='word_1_233' title='bbox 791 2843 930 2916; x_wconf 84' lang='lat' dir='ltr'><strong>principi,</strong></span> <span class='ocrx_word' id='word_1_234' title='bbox 958 2840 986 2897; x_wconf 83' lang='lat' dir='ltr'><strong>d.</strong></span> <span class='ocrx_word' id='word_1_235' title='bbox 1009 2859 1037 2896; x_wconf 89' lang='lat' dir='ltr'><strong>n.</strong></span> <span class='ocrx_word' id='word_1_236' title='bbox 1060 2840 1110 2897; x_wconf 87' lang='lat' dir='ltr'><strong>Fl.</strong></span> <span class='ocrx_word' id='word_1_237' title='bbox 1136 2840 1179 2901; x_wconf 77' lang='grc' dir='ltr'><strong>Οἱ.</strong></span> <span class='ocrx_word' id='word_1_238' title='bbox 1208 2841 1325 2898; x_wconf 87' lang='lat' dir='ltr'><strong>Iuliano</strong></span> <span class='ocrx_word' id='word_1_239' title='bbox 1354 2843 1458 2898; x_wconf 86' lang='lat' dir='ltr'><strong>inuicte</strong></span> 
     </span>
     <span class='ocr_line' id='line_1_24' title="bbox 120 2941 1456 3020; baseline 0 -20"><span class='ocrx_word' id='word_1_240' title='bbox 120 2947 174 3019; x_wconf 88' lang='lat' dir='ltr'><strong>pie</strong></span> <span class='ocrx_word' id='word_1_241' title='bbox 188 2943 274 3020; x_wconf 80' lang='lat' dir='ltr'><strong>salici</strong></span> <span class='ocrx_word' id='word_1_242' title='bbox 295 2962 403 3019; x_wconf 88' lang='lat' dir='ltr'><strong>semper</strong></span> <span class='ocrx_word' id='word_1_243' title='bbox 427 2944 502 3018; x_wconf 82' lang='lat' dir='ltr'><strong>Aup.</strong></span> <span class='ocrx_word' id='word_1_244' title='bbox 526 2961 572 3000; x_wconf 86' lang='lat' dir='ltr'><strong>res</strong></span> <span class='ocrx_word' id='word_1_245' title='bbox 591 2962 623 3018; x_wconf 92' lang='lat' dir='ltr'><strong>p.</strong></span> <span class='ocrx_word' id='word_1_246' title='bbox 647 2953 672 3001; x_wconf 90' lang='lat' dir='ltr'><strong>et</strong></span> <span class='ocrx_word' id='word_1_247' title='bbox 699 2943 768 2999; x_wconf 82' lang='lat' dir='ltr'><strong>ordo</strong></span> <span class='ocrx_word' id='word_1_248' title='bbox 791 2943 919 3001; x_wconf 87' lang='lat' dir='ltr'><strong>coloniae</strong></span> <span class='ocrx_word' id='word_1_249' title='bbox 941 2941 1076 3018; x_wconf 79' lang='lat' dir='ltr'><strong>Tlomnp.</strong></span> <span class='ocrx_word' id='word_1_250' title='bbox 1105 2953 1223 3002; x_wconf 82' lang='lat' dir='ltr'><strong>curante</strong></span> <span class='ocrx_word' id='word_1_251' title='bbox 1245 2942 1294 3001; x_wconf 88' lang='lat' dir='ltr'><strong>Fl.</strong></span> <span class='ocrx_word' id='word_1_252' title='bbox 1317 2942 1456 3018; x_wconf 79' lang='lat' dir='ltr'><strong>Aquilino</strong></span> 
     </span>
     <span class='ocr_line' id='line_1_25' title="bbox 118 3043 1455 3120; baseline -0.001 -16"><span class='ocrx_word' id='word_1_253' title='bbox 118 3046 154 3120; x_wconf 76' lang='lat' dir='ltr'><strong>fl.</strong></span> <span class='ocrx_word' id='word_1_254' title='bbox 178 3064 209 3120; x_wconf 87' lang='lat' dir='ltr'><strong>p.</strong></span> <span class='ocrx_word' id='word_1_255' title='bbox 238 3056 368 3104; x_wconf 83' lang='lat' dir='ltr'><strong>curatore</strong></span> <span class='ocrx_word' id='word_1_256' title='bbox 394 3048 438 3103; x_wconf 79' lang='lat' dir='ltr'><strong>rei</strong></span> <span class='ocrx_word' id='word_1_257' title='bbox 461 3046 530 3120; x_wconf 81' lang='lat' dir='ltr'><strong>pub.</strong></span> <span class='ocrx_word' id='word_1_258' title='bbox 552 3049 650 3120; x_wconf 87' lang='lat' dir='ltr'><strong>posuit</strong></span> <span class='ocrx_word' id='word_1_259' title='bbox 674 3045 879 3119; x_wconf 81' lang='lat' dir='ltr'><strong>dedicauitque,</strong></span> <span class='ocrx_word' id='word_1_260' title='bbox 906 3043 999 3102; x_wconf 87' lang='lat' dir='ltr'><strong>altero</strong></span> <span class='ocrx_word' id='word_1_261' title='bbox 1027 3045 1107 3120; x_wconf 89' lang='lat' dir='ltr'><strong>apud</strong></span> <span class='ocrx_word' id='word_1_262' title='bbox 1134 3044 1252 3103; x_wconf 82' lang='lat' dir='ltr'><strong>cosdem</strong></span> <span class='ocrx_word' id='word_1_263' title='bbox 1283 3044 1455 3103; x_wconf 87' lang='lat' dir='ltr'><strong>Renierium</strong></span> 
     </span>
     <span class='ocr_line' id='line_1_26' title="bbox 125 3143 1456 3223; baseline 0 -20"><span class='ocrx_word' id='word_1_264' title='bbox 125 3165 155 3204; x_wconf 88' lang='grc'><strong>11.</strong></span> <span class='ocrx_word' id='word_1_265' title='bbox 173 3143 253 3215; x_wconf 82' lang='lat'>1520</span> <span class='ocrx_word' id='word_1_266' title='bbox 268 3154 299 3205; x_wconf 89' lang='lat' dir='ltr'><strong>et</strong></span> <span class='ocrx_word' id='word_1_267' title='bbox 313 3147 546 3205; x_wconf 87' lang='lat' dir='ltr'><strong>Wilmannsium</strong></span> <span class='ocrx_word' id='word_1_268' title='bbox 569 3166 597 3205; x_wconf 91' lang='grc'><strong>11.</strong></span> <span class='ocrx_word' id='word_1_269' title='bbox 616 3146 689 3204; x_wconf 76' lang='lat' dir='ltr'><strong>idi:</strong></span> <span class='ocrx_word' id='word_1_270' title='bbox 711 3166 764 3222; x_wconf 85' lang='lat' dir='ltr'><strong>pro</strong></span> <span class='ocrx_word' id='word_1_271' title='bbox 780 3149 989 3223; x_wconf 75' lang='lat' dir='ltr'><strong>mupnificentia</strong></span> <span class='ocrx_word' id='word_1_272' title='bbox 1011 3147 1120 3206; x_wconf 85' lang='lat' dir='ltr'><strong>saeculi</strong></span> <span class='ocrx_word' id='word_1_273' title='bbox 1135 3148 1183 3205; x_wconf 84' lang='lat' dir='ltr'><strong>dd.</strong></span> <span class='ocrx_word' id='word_1_274' title='bbox 1198 3166 1246 3205; x_wconf 92' lang='lat' dir='ltr'><strong>nn.</strong></span> <span class='ocrx_word' id='word_1_275' title='bbox 1264 3146 1456 3205; x_wconf 77' lang='lat' dir='ltr'><strong>Valentiniani</strong></span> 
     </span>
     <span class='ocr_line' id='line_1_27' title="bbox 124 3247 1455 3325; baseline -0.002 -19"><span class='ocrx_word' id='word_1_276' title='bbox 124 3257 150 3306; x_wconf 88' lang='lat' dir='ltr'><strong>et</strong></span> <span class='ocrx_word' id='word_1_277' title='bbox 176 3248 303 3308; x_wconf 85' lang='lat' dir='ltr'><strong>Valentis</strong></span> <span class='ocrx_word' id='word_1_278' title='bbox 329 3268 438 3325; x_wconf 84' lang='lat' dir='ltr'><strong>semper</strong></span> <span class='ocrx_word' id='word_1_279' title='bbox 466 3249 658 3325; x_wconf 73' lang='lat' dir='ltr'><strong>depasturum</strong></span> <span class='ocrx_word' id='word_1_280' title='bbox 685 3247 847 3324; x_wconf 84' lang='lat' dir='ltr'><strong>[quat]tuor</strong></span> <span class='ocrx_word' id='word_1_281' title='bbox 875 3253 1006 3323; x_wconf 86' lang='lat' dir='ltr'><strong>porticus</strong></span> <span class='ocrx_word' id='word_1_282' title='bbox 1037 3248 1163 3324; x_wconf 82' lang='lat' dir='ltr'><strong>Capitoli</strong></span> <span class='ocrx_word' id='word_1_283' title='bbox 1190 3252 1282 3307; x_wconf 85' lang='lat' dir='ltr'><strong>seriae</strong></span> <span class='ocrx_word' id='word_1_284' title='bbox 1309 3252 1455 3307; x_wconf 80' lang='lat' dir='ltr'><strong>uetustatis</strong></span> 
     </span>
     <span class='ocr_line' id='line_1_28' title="bbox 123 3349 1454 3427; baseline 0 -19"><span class='ocrx_word' id='word_1_285' title='bbox 123 3351 289 3427; x_wconf 78' lang='lat' dir='ltr'><strong>absumptas</strong></span> <span class='ocrx_word' id='word_1_286' title='bbox 312 3363 338 3411; x_wconf 88' lang='lat' dir='ltr'><strong>et</strong></span> <span class='ocrx_word' id='word_1_287' title='bbox 357 3369 446 3427; x_wconf 83' lang='lat' dir='ltr'><strong>usque</strong></span> <span class='ocrx_word' id='word_1_288' title='bbox 468 3352 509 3408; x_wconf 80' lang='lat' dir='ltr'><strong>acl</strong></span> <span class='ocrx_word' id='word_1_289' title='bbox 528 3355 585 3408; x_wconf 79' lang='lat' dir='ltr'><strong>iana</strong></span> <span class='ocrx_word' id='word_1_290' title='bbox 599 3352 791 3425; x_wconf 83' lang='lat' dir='ltr'><strong>fundamenta</strong></span> <span class='ocrx_word' id='word_1_291' title='bbox 812 3349 989 3426; x_wconf 78' lang='lat' dir='ltr'><strong>c[orruptas]</strong></span> <span class='ocrx_word' id='word_1_292' title='bbox 1014 3369 1086 3409; x_wconf 87' lang='lat' dir='ltr'><strong>nouo</strong></span> <span class='ocrx_word' id='word_1_293' title='bbox 1108 3369 1192 3426; x_wconf 85' lang='lat' dir='ltr'><strong>opere</strong></span> <span class='ocrx_word' id='word_1_294' title='bbox 1209 3353 1354 3427; x_wconf 82' lang='lat' dir='ltr'><strong>perfectas</strong></span> <span class='ocrx_word' id='word_1_295' title='bbox 1377 3369 1454 3409; x_wconf 80' lang='lat' dir='ltr'><strong>eaor·</strong></span> 
     </span>
     <span class='ocr_line' id='line_1_29' title="bbox 122 3451 1455 3529; baseline 0.001 -20"><span class='ocrx_word' id='word_1_296' title='bbox 122 3462 264 3529; x_wconf 81' lang='lat' dir='ltr'><strong>natasque</strong></span> <span class='ocrx_word' id='word_1_297' title='bbox 290 3454 431 3512; x_wconf 73' lang='lat' dir='ltr'><strong>dedicavit</strong></span> <span class='ocrx_word' id='word_1_298' title='bbox 454 3453 598 3512; x_wconf 83' lang='lat' dir='ltr'><strong>Publilius</strong></span> <span class='ocrx_word' id='word_1_299' title='bbox 625 3452 776 3512; x_wconf 84' lang='lat' dir='ltr'><strong>Caeionius</strong></span> <span class='ocrx_word' id='word_1_300' title='bbox 803 3451 941 3527; x_wconf 88' lang='lat' dir='ltr'><strong>Caecin[a</strong></span> <span class='ocrx_word' id='word_1_301' title='bbox 964 3452 1101 3529; x_wconf 81' lang='lat' dir='ltr'><strong>Alba]nus</strong></span> <span class='ocrx_word' id='word_1_302' title='bbox 1123 3457 1169 3511; x_wconf 83' lang='lat' dir='ltr'><strong>cir</strong></span> <span class='ocrx_word' id='word_1_303' title='bbox 1189 3453 1367 3511; x_wconf 86' lang='lat' dir='ltr'><strong>clarissimus</strong></span> <span class='ocrx_word' id='word_1_304' title='bbox 1390 3471 1455 3511; x_wconf 93' lang='lat' dir='ltr'><strong>con·</strong></span> 
     </span>
     <span class='ocr_line' id='line_1_30' title="bbox 123 3554 1454 3631; baseline -0.001 -19"><span class='ocrx_word' id='word_1_305' title='bbox 123 3555 232 3613; x_wconf 82' lang='lat' dir='ltr'><strong>calaris</strong></span> <span class='ocrx_word' id='word_1_306' title='bbox 259 3555 423 3614; x_wconf 75' lang='lat' dir='ltr'><strong>curantibus</strong></span> <span class='ocrx_word' id='word_1_307' title='bbox 448 3555 530 3614; x_wconf 79' lang='lat' dir='ltr'><strong>Aelio</strong></span> <span class='ocrx_word' id='word_1_308' title='bbox 553 3556 669 3614; x_wconf 88' lang='lat' dir='ltr'><strong>Iuliano</strong></span> <span class='ocrx_word' id='word_1_309' title='bbox 692 3559 792 3615; x_wconf 84' lang='lat' dir='ltr'><strong>iterum</strong></span> <span class='ocrx_word' id='word_1_310' title='bbox 818 3554 1015 3630; x_wconf 85' lang='lat' dir='ltr'><strong>reipublicae</strong></span> <span class='ocrx_word' id='word_1_311' title='bbox 1036 3554 1210 3631; x_wconf 84' lang='lat' dir='ltr'><strong>[curatore],</strong></span> <span class='ocrx_word' id='word_1_312' title='bbox 1234 3555 1340 3614; x_wconf 82' lang='lat' dir='ltr'><strong>Flavio</strong></span> <span class='ocrx_word' id='word_1_313' title='bbox 1363 3555 1454 3630; x_wconf 81' lang='lat' dir='ltr'><strong>Aqui-</strong></span> 
     </span>
     <span class='ocr_line' id='line_1_31' title="bbox 124 3655 1453 3734; baseline -0.001 -20"><span class='ocrx_word' id='word_1_314' title='bbox 124 3656 182 3714; x_wconf 90' lang='lat' dir='ltr'><strong>lino</strong></span> <span class='ocrx_word' id='word_1_315' title='bbox 197 3658 233 3731; x_wconf 80' lang='lat' dir='ltr'><strong>ff.</strong></span> <span class='ocrx_word' id='word_1_316' title='bbox 253 3676 316 3733; x_wconf 81' lang='lat' dir='ltr'><strong>pp,</strong></span> <span class='ocrx_word' id='word_1_317' title='bbox 341 3657 465 3716; x_wconf 81' lang='lat' dir='ltr'><strong>Antonio</strong></span> <span class='ocrx_word' id='word_1_318' title='bbox 486 3656 660 3716; x_wconf 86' lang='lat' dir='ltr'><strong>Petroniana</strong></span> <span class='ocrx_word' id='word_1_319' title='bbox 677 3658 713 3731; x_wconf 79' lang='lat' dir='ltr'><strong>ff.</strong></span> <span class='ocrx_word' id='word_1_320' title='bbox 732 3677 796 3733; x_wconf 73' lang='lat' dir='ltr'><strong>pp,</strong></span> <span class='ocrx_word' id='word_1_321' title='bbox 820 3655 943 3714; x_wconf 79' lang='lat' dir='ltr'><strong>Antonio</strong></span> <span class='ocrx_word' id='word_1_322' title='bbox 958 3657 1139 3715; x_wconf 86' lang='lat' dir='ltr'><strong>Ianuariano</strong></span> <span class='ocrx_word' id='word_1_323' title='bbox 1155 3658 1191 3732; x_wconf 81' lang='lat' dir='ltr'><strong>ff.</strong></span> <span class='ocrx_word' id='word_1_324' title='bbox 1213 3677 1263 3734; x_wconf 90' lang='lat' dir='ltr'><strong>pp.</strong></span> <span class='ocrx_word' id='word_1_325' title='bbox 1306 3657 1397 3715; x_wconf 88' lang='lat' dir='ltr'><strong>Prior</strong></span> <span class='ocrx_word' id='word_1_326' title='bbox 1419 3656 1453 3714; x_wconf 92' lang='lat' dir='ltr'><strong>ti·</strong></span> 
     </span>
     <span class='ocr_line' id='line_1_32' title="bbox 124 3757 1454 3836; baseline -0.001 -21"><span class='ocrx_word' id='word_1_327' title='bbox 124 3757 205 3818; x_wconf 89' lang='lat' dir='ltr'><strong>tulus</strong></span> <span class='ocrx_word' id='word_1_328' title='bbox 234 3758 362 3836; x_wconf 87' lang='lat' dir='ltr'><strong>scriptus</strong></span> <span class='ocrx_word' id='word_1_329' title='bbox 390 3767 436 3818; x_wconf 88' lang='lat' dir='ltr'><strong>est</strong></span> <span class='ocrx_word' id='word_1_330' title='bbox 462 3761 539 3818; x_wconf 89' lang='lat' dir='ltr'><strong>inter</strong></span> <span class='ocrx_word' id='word_1_331' title='bbox 566 3779 593 3817; x_wconf 88' lang='lat' dir='ltr'><strong>a.</strong></span> <span class='ocrx_word' id='word_1_332' title='bbox 618 3758 675 3818; x_wconf 92' lang='grc'><strong>361</strong></span> <span class='ocrx_word' id='word_1_333' title='bbox 707 3766 736 3818; x_wconf 89' lang='lat' dir='ltr'><strong>et</strong></span> <span class='ocrx_word' id='word_1_334' title='bbox 759 3759 829 3829; x_wconf 87' lang='grc'>363,</span> <span class='ocrx_word' id='word_1_335' title='bbox 857 3758 931 3816; x_wconf 86' lang='lat' dir='ltr'><strong>ulter</strong></span> <span class='ocrx_word' id='word_1_336' title='bbox 958 3759 1035 3816; x_wconf 86' lang='lat' dir='ltr'><strong>inter</strong></span> <span class='ocrx_word' id='word_1_337' title='bbox 1062 3777 1088 3815; x_wconf 90' lang='lat' dir='ltr'><strong>a.</strong></span> <span class='ocrx_word' id='word_1_338' title='bbox 1113 3758 1172 3817; x_wconf 82' lang='lat'><strong>364</strong></span> <span class='ocrx_word' id='word_1_339' title='bbox 1201 3769 1230 3817; x_wconf 91' lang='lat' dir='ltr'><strong>et</strong></span> <span class='ocrx_word' id='word_1_340' title='bbox 1252 3758 1322 3831; x_wconf 88' lang='grc'>367,</span> <span class='ocrx_word' id='word_1_341' title='bbox 1351 3766 1382 3815; x_wconf 89' lang='lat' dir='ltr'><strong>et</strong></span> <span class='ocrx_word' id='word_1_342' title='bbox 1407 3757 1454 3815; x_wconf 92' lang='lat' dir='ltr'><strong>hic</strong></span> 
     </span>
     <span class='ocr_line' id='line_1_33' title="bbox 122 3859 1453 3939; baseline -0.002 -22"><span class='ocrx_word' id='word_1_343' title='bbox 122 3860 241 3936; x_wconf 90' lang='lat' dir='ltr'><strong>quidem</strong></span> <span class='ocrx_word' id='word_1_344' title='bbox 268 3871 346 3920; x_wconf 88' lang='lat' dir='ltr'><strong>certe</strong></span> <span class='ocrx_word' id='word_1_345' title='bbox 374 3870 445 3939; x_wconf 90' lang='lat' dir='ltr'><strong>post</strong></span> <span class='ocrx_word' id='word_1_346' title='bbox 472 3862 572 3920; x_wconf 89' lang='lat' dir='ltr'><strong>album</strong></span> <span class='ocrx_word' id='word_1_347' title='bbox 600 3860 680 3936; x_wconf 93' lang='lat' dir='ltr'><strong>qued</strong></span> <span class='ocrx_word' id='word_1_348' title='bbox 708 3860 837 3930; x_wconf 88' lang='lat' dir='ltr'><strong>edimus;</strong></span> <span class='ocrx_word' id='word_1_349' title='bbox 866 3880 933 3918; x_wconf 90' lang='lat' dir='ltr'><strong>nam</strong></span> <span class='ocrx_word' id='word_1_350' title='bbox 962 3859 1067 3918; x_wconf 90' lang='lat' dir='ltr'><strong>tertius</strong></span> <span class='ocrx_word' id='word_1_351' title='bbox 1095 3861 1202 3919; x_wconf 87' lang='lat' dir='ltr'><strong>flamen</strong></span> <span class='ocrx_word' id='word_1_352' title='bbox 1235 3867 1396 3937; x_wconf 88' lang='lat' dir='ltr'><strong>perpetuus</strong></span> <span class='ocrx_word' id='word_1_353' title='bbox 1422 3859 1453 3916; x_wconf 93' lang='lat' dir='ltr'><strong>in</strong></span> 
     </span>
     <span class='ocr_line' id='line_1_34' title="bbox 123 3960 1451 4038; baseline -0.002 -19"><span class='ocrx_word' id='word_1_354' title='bbox 123 3962 210 4020; x_wconf 91' lang='lat' dir='ltr'><strong>titulo</strong></span> <span class='ocrx_word' id='word_1_355' title='bbox 239 3963 411 4022; x_wconf 90' lang='lat' dir='ltr'><strong>nominatus</strong></span> <span class='ocrx_word' id='word_1_356' title='bbox 439 3964 477 4021; x_wconf 92' lang='lat' dir='ltr'><strong>ab</strong></span> <span class='ocrx_word' id='word_1_357' title='bbox 500 3963 569 4021; x_wconf 89' lang='lat' dir='ltr'><strong>albo</strong></span> <span class='ocrx_word' id='word_1_358' title='bbox 592 3964 677 4021; x_wconf 90' lang='lat' dir='ltr'><strong>abest</strong></span> <span class='ocrx_word' id='word_1_359' title='bbox 698 3972 729 4020; x_wconf 92' lang='lat' dir='ltr'><strong>et</strong></span> <span class='ocrx_word' id='word_1_360' title='bbox 750 3971 820 4038; x_wconf 89' lang='lat' dir='ltr'><strong>post</strong></span> <span class='ocrx_word' id='word_1_361' title='bbox 847 3961 878 4019; x_wconf 91' lang='lat' dir='ltr'><strong>id</strong></span> <span class='ocrx_word' id='word_1_362' title='bbox 900 3961 1043 4037; x_wconf 89' lang='lat' dir='ltr'><strong>scriptum</strong></span> <span class='ocrx_word' id='word_1_363' title='bbox 1066 3980 1189 4021; x_wconf 84' lang='lat' dir='ltr'><strong>necesse</strong></span> <span class='ocrx_word' id='word_1_364' title='bbox 1212 3970 1259 4020; x_wconf 88' lang='lat' dir='ltr'><strong>est</strong></span> <span class='ocrx_word' id='word_1_365' title='bbox 1280 3960 1451 4019; x_wconf 87' lang='lat' dir='ltr'><strong>flamonium</strong></span> 
     </span>
     <span class='ocr_line' id='line_1_35' title="bbox 122 4062 1452 4140; baseline -0.003 -17"><span class='ocrx_word' id='word_1_366' title='bbox 122 4065 280 4140; x_wconf 85' lang='lat' dir='ltr'><strong>acceperit.</strong></span> <span class='ocrx_word' id='word_1_367' title='bbox 323 4066 434 4124; x_wconf 85' lang='lat' dir='ltr'><strong>Album</strong></span> <span class='ocrx_word' id='word_1_368' title='bbox 456 4065 548 4140; x_wconf 83' lang='lat' dir='ltr'><strong>igitur</strong></span> <span class='ocrx_word' id='word_1_369' title='bbox 570 4064 776 4140; x_wconf 87' lang='lat' dir='ltr'><strong>scriptumest</strong></span> <span class='ocrx_word' id='word_1_370' title='bbox 798 4063 944 4139; x_wconf 85' lang='lat' dir='ltr'><strong>proximis</strong></span> <span class='ocrx_word' id='word_1_371' title='bbox 960 4064 1047 4120; x_wconf 88' lang='lat' dir='ltr'><strong>annis</strong></span> <span class='ocrx_word' id='word_1_372' title='bbox 1070 4071 1138 4121; x_wconf 91' lang='lat' dir='ltr'><strong>ante</strong></span> <span class='ocrx_word' id='word_1_373' title='bbox 1154 4063 1213 4120; x_wconf 88' lang='grc'>367</span> <span class='ocrx_word' id='word_1_374' title='bbox 1238 4072 1289 4121; x_wconf 84' lang='grc'>11111</span> <span class='ocrx_word' id='word_1_375' title='bbox 1310 4062 1452 4121; x_wconf 84' lang='lat' dir='ltr'><strong>extremis</strong></span> 
     </span>
     <span class='ocr_line' id='line_1_36' title="bbox 124 4161 1452 4244; baseline -0.002 -20"><span class='ocrx_word' id='word_1_376' title='bbox 124 4164 293 4225; x_wconf 89' lang='lat' dir='ltr'><strong>Constantii</strong></span> <span class='ocrx_word' id='word_1_377' title='bbox 309 4174 362 4224; x_wconf 88' lang='lat' dir='ltr'><strong>aut</strong></span> <span class='ocrx_word' id='word_1_378' title='bbox 376 4168 543 4244; x_wconf 89' lang='lat' dir='ltr'><strong>imperante</strong></span> <span class='ocrx_word' id='word_1_379' title='bbox 558 4165 677 4225; x_wconf 87' lang='lat' dir='ltr'><strong>Iuliano</strong></span> <span class='ocrx_word' id='word_1_380' title='bbox 693 4177 744 4224; x_wconf 89' lang='lat' dir='ltr'><strong>sut</strong></span> <span class='ocrx_word' id='word_1_381' title='bbox 759 4166 863 4244; x_wconf 90' lang='lat' dir='ltr'><strong>primis</strong></span> <span class='ocrx_word' id='word_1_382' title='bbox 879 4164 1082 4223; x_wconf 78' lang='lat' dir='ltr'><strong>Valentiniani</strong></span> <span class='ocrx_word' id='word_1_383' title='bbox 1098 4164 1269 4240; x_wconf 88' lang='lat' dir='ltr'><strong>fratrisque.</strong></span> <span class='ocrx_word' id='word_1_384' title='bbox 1313 4161 1369 4222; x_wconf 85' lang='lat' dir='ltr'><strong>Cui</strong></span> <span class='ocrx_word' id='word_1_385' title='bbox 1387 4182 1452 4222; x_wconf 87' lang='lat' dir='ltr'><strong>sae·</strong></span> 
     </span>
     <span class='ocr_line' id='line_1_37' title="bbox 122 4266 1451 4345; baseline -0.003 -19"><span class='ocrx_word' id='word_1_386' title='bbox 122 4269 191 4327; x_wconf 90' lang='lat' dir='ltr'><strong>culo</strong></span> <span class='ocrx_word' id='word_1_387' title='bbox 217 4278 289 4344; x_wconf 87' lang='lat' dir='ltr'><strong>apta</strong></span> <span class='ocrx_word' id='word_1_388' title='bbox 317 4278 362 4327; x_wconf 86' lang='lat' dir='ltr'><strong>est</strong></span> <span class='ocrx_word' id='word_1_389' title='bbox 390 4287 456 4327; x_wconf 89' lang='lat' dir='ltr'><strong>cum</strong></span> <span class='ocrx_word' id='word_1_390' title='bbox 486 4269 601 4345; x_wconf 86' lang='lat' dir='ltr'><strong>reliqua</strong></span> <span class='ocrx_word' id='word_1_391' title='bbox 627 4268 706 4327; x_wconf 89' lang='lat' dir='ltr'><strong>tituli</strong></span> <span class='ocrx_word' id='word_1_392' title='bbox 735 4267 870 4327; x_wconf 91' lang='lat' dir='ltr'><strong>condicio</strong></span> <span class='ocrx_word' id='word_1_393' title='bbox 897 4279 959 4325; x_wconf 90' lang='lat' dir='ltr'><strong>tum</strong></span> <span class='ocrx_word' id='word_1_394' title='bbox 986 4267 1137 4325; x_wconf 91' lang='lat' dir='ltr'><strong>nominum</strong></span> <span class='ocrx_word' id='word_1_395' title='bbox 1159 4266 1247 4338; x_wconf 88' lang='lat' dir='ltr'><strong>ratio,</strong></span> <span class='ocrx_word' id='word_1_396' title='bbox 1270 4284 1451 4344; x_wconf 89' lang='lat' dir='ltr'><strong>quamquam</strong></span> 
     </span>
     <span class='ocr_line' id='line_1_38' title="bbox 123 4368 1450 4448; baseline -0.002 -22"><span class='ocrx_word' id='word_1_397' title='bbox 123 4369 256 4428; x_wconf 89' lang='lat' dir='ltr'><strong>notabile</strong></span> <span class='ocrx_word' id='word_1_398' title='bbox 277 4380 322 4429; x_wconf 89' lang='lat' dir='ltr'><strong>est</strong></span> <span class='ocrx_word' id='word_1_399' title='bbox 343 4371 373 4427; x_wconf 91' lang='lat' dir='ltr'><strong>in</strong></span> <span class='ocrx_word' id='word_1_400' title='bbox 396 4372 464 4448; x_wconf 90' lang='lat' dir='ltr'><strong>ipsa</strong></span> <span class='ocrx_word' id='word_1_401' title='bbox 484 4371 671 4429; x_wconf 86' lang='lat' dir='ltr'><strong>dedicatione</strong></span> <span class='ocrx_word' id='word_1_402' title='bbox 687 4369 734 4429; x_wconf 87' lang='lat' dir='ltr'><strong>vel</strong></span> <span class='ocrx_word' id='word_1_403' title='bbox 750 4371 806 4429; x_wconf 90' lang='lat' dir='ltr'><strong>hac</strong></span> <span class='ocrx_word' id='word_1_404' title='bbox 829 4378 925 4428; x_wconf 89' lang='lat' dir='ltr'><strong>aetate</strong></span> <span class='ocrx_word' id='word_1_405' title='bbox 947 4386 1127 4444; x_wconf 89' lang='lat' dir='ltr'><strong>praenomen</strong></span> <span class='ocrx_word' id='word_1_406' title='bbox 1151 4369 1318 4446; x_wconf 86' lang='lat' dir='ltr'><strong>tribumque</strong></span> <span class='ocrx_word' id='word_1_407' title='bbox 1335 4368 1450 4426; x_wconf 79' lang='lat' dir='ltr'><strong>adesse.</strong></span> 
     </span>
     <span class='ocr_line' id='line_1_39' title="bbox 123 4468 1451 4547; baseline -0.002 -19"><span class='ocrx_word' id='word_1_408' title='bbox 123 4468 257 4530; x_wconf 87' lang='lat' dir='ltr'><strong>Offendit</strong></span> <span class='ocrx_word' id='word_1_409' title='bbox 281 4489 354 4531; x_wconf 89' lang='lat' dir='ltr'><strong>sane</strong></span> <span class='ocrx_word' id='word_1_410' title='bbox 381 4473 410 4529; x_wconf 94' lang='lat' dir='ltr'><strong>in</strong></span> <span class='ocrx_word' id='word_1_411' title='bbox 434 4472 639 4531; x_wconf 86' lang='lat' dir='ltr'><strong>duoviralibus</strong></span> <span class='ocrx_word' id='word_1_412' title='bbox 662 4483 798 4547; x_wconf 90' lang='lat' dir='ltr'><strong>repertus</strong></span> <span class='ocrx_word' id='word_1_413' title='bbox 820 4471 1035 4529; x_wconf 81' lang='lat' dir='ltr'><strong>Faustinianus</strong></span> <span class='ocrx_word' id='word_1_414' title='bbox 1058 4469 1171 4529; x_wconf 77' lang='lat' dir='ltr'><strong>(litlreri</strong></span> <span class='ocrx_word' id='word_1_415' title='bbox 1195 4469 1239 4545; x_wconf 76' lang='lat'><strong>(2,</strong></span> <span class='ocrx_word' id='word_1_416' title='bbox 1255 4470 1309 4546; x_wconf 87' lang='grc'><strong>41)</strong></span> <span class='ocrx_word' id='word_1_417' title='bbox 1332 4470 1451 4528; x_wconf 84' lang='grc'>1101111110</span> 
     </span>
     <span class='ocr_line' id='line_1_40' title="bbox 121 4571 1452 4642; baseline 0.001 -13"><span class='ocrx_word' id='word_1_418' title='bbox 121 4583 176 4632; x_wconf 90' lang='lat' dir='ltr'><strong>aut</strong></span> <span class='ocrx_word' id='word_1_419' title='bbox 200 4572 318 4632; x_wconf 85' lang='lat' dir='ltr'><strong>Graeca</strong></span> <span class='ocrx_word' id='word_1_420' title='bbox 345 4575 459 4633; x_wconf 88' lang='lat' dir='ltr'><strong>ratione</strong></span> <span class='ocrx_word' id='word_1_421' title='bbox 488 4586 539 4633; x_wconf 87' lang='lat' dir='ltr'><strong>aut</strong></span> <span class='ocrx_word' id='word_1_422' title='bbox 571 4575 610 4632; x_wconf 91' lang='lat' dir='ltr'><strong>ad</strong></span> <span class='ocrx_word' id='word_1_423' title='bbox 643 4574 780 4632; x_wconf 87' lang='lat' dir='ltr'><strong>servilem</strong></span> <span class='ocrx_word' id='word_1_424' title='bbox 815 4572 1018 4631; x_wconf 78' lang='lat' dir='ltr'><strong>condicionem</strong></span> <span class='ocrx_word' id='word_1_425' title='bbox 1051 4572 1192 4642; x_wconf 89' lang='lat' dir='ltr'><strong>formato;</strong></span> <span class='ocrx_word' id='word_1_426' title='bbox 1224 4573 1278 4631; x_wconf 92' lang='lat' dir='ltr'><strong>sed</strong></span> <span class='ocrx_word' id='word_1_427' title='bbox 1309 4591 1345 4630; x_wconf 90' lang='lat' dir='ltr'><strong>ne</strong></span> <span class='ocrx_word' id='word_1_428' title='bbox 1378 4571 1452 4630; x_wconf 88' lang='lat' dir='ltr'><strong>talia</strong></span> 
     </span>
     <span class='ocr_line' id='line_1_41' title="bbox 120 4673 1451 4751; baseline -0.001 -20"><span class='ocrx_word' id='word_1_429' title='bbox 120 4674 242 4750; x_wconf 90' lang='lat' dir='ltr'><strong>quidem</strong></span> <span class='ocrx_word' id='word_1_430' title='bbox 265 4678 302 4735; x_wconf 88' lang='lat' dir='ltr'><strong>ab</strong></span> <span class='ocrx_word' id='word_1_431' title='bbox 325 4677 382 4734; x_wconf 91' lang='lat' dir='ltr'><strong>hoc</strong></span> <span class='ocrx_word' id='word_1_432' title='bbox 404 4677 523 4735; x_wconf 89' lang='lat' dir='ltr'><strong>saeculo</strong></span> <span class='ocrx_word' id='word_1_433' title='bbox 546 4677 717 4735; x_wconf 80' lang='lat' dir='ltr'><strong>abhorrent.</strong></span> <span class='ocrx_word' id='word_1_434' title='bbox 762 4674 954 4751; x_wconf 83' lang='lat' dir='ltr'><strong>Quantopere</strong></span> <span class='ocrx_word' id='word_1_435' title='bbox 976 4685 1074 4730; x_wconf 87' lang='lat' dir='ltr'><strong>autern</strong></span> <span class='ocrx_word' id='word_1_436' title='bbox 1101 4673 1329 4732; x_wconf 89' lang='lat' dir='ltr'><strong>desiderandum</strong></span> <span class='ocrx_word' id='word_1_437' title='bbox 1351 4673 1451 4743; x_wconf 79' lang='lat' dir='ltr'><strong>fuerit,</strong></span> 
     </span>
     <span class='ocr_line' id='line_1_42' title="bbox 122 4775 1451 4853; baseline -0.002 -19"><span class='ocrx_word' id='word_1_438' title='bbox 122 4784 155 4834; x_wconf 90' lang='lat' dir='ltr'><strong>ut</strong></span> <span class='ocrx_word' id='word_1_439' title='bbox 176 4777 291 4836; x_wconf 89' lang='lat' dir='ltr'><strong>ordinis</strong></span> <span class='ocrx_word' id='word_1_440' title='bbox 314 4777 414 4853; x_wconf 90' lang='lat' dir='ltr'><strong>qualis</strong></span> <span class='ocrx_word' id='word_1_441' title='bbox 437 4778 493 4836; x_wconf 90' lang='lat' dir='ltr'><strong>fuit</strong></span> <span class='ocrx_word' id='word_1_442' title='bbox 514 4779 635 4837; x_wconf 89' lang='lat' dir='ltr'><strong>saeculo</strong></span> <span class='ocrx_word' id='word_1_443' title='bbox 656 4789 764 4853; x_wconf 87' lang='lat' dir='ltr'><strong>quarto</strong></span> <span class='ocrx_word' id='word_1_444' title='bbox 786 4778 884 4852; x_wconf 85' lang='lat' dir='ltr'><strong>imago</strong></span> <span class='ocrx_word' id='word_1_445' title='bbox 907 4785 989 4834; x_wconf 91' lang='lat' dir='ltr'><strong>certa</strong></span> <span class='ocrx_word' id='word_1_446' title='bbox 1010 4782 1040 4832; x_wconf 83' lang='lat' dir='ltr'><strong>et</strong></span> <span class='ocrx_word' id='word_1_447' title='bbox 1061 4775 1151 4852; x_wconf 88' lang='lat' dir='ltr'><strong>plena</strong></span> <span class='ocrx_word' id='word_1_448' title='bbox 1174 4776 1324 4846; x_wconf 87' lang='lat' dir='ltr'><strong>existeret,</strong></span> <span class='ocrx_word' id='word_1_449' title='bbox 1347 4775 1377 4832; x_wconf 94' lang='lat' dir='ltr'><strong>id</strong></span> <span class='ocrx_word' id='word_1_450' title='bbox 1392 4793 1451 4833; x_wconf 91' lang='lat' dir='ltr'><strong>non</strong></span> 
     </span>
     <span class='ocr_line' id='line_1_43' title="bbox 120 4878 1449 4957; baseline -0.002 -21"><span class='ocrx_word' id='word_1_451' title='bbox 120 4878 274 4955; x_wconf 82' lang='lat' dir='ltr'><strong>negabunt</strong></span> <span class='ocrx_word' id='word_1_452' title='bbox 288 4880 347 4937; x_wconf 91' lang='lat' dir='ltr'><strong>nisi</strong></span> <span class='ocrx_word' id='word_1_453' title='bbox 368 4880 421 4954; x_wconf 87' lang='lat' dir='ltr'><strong>qui</strong></span> <span class='ocrx_word' id='word_1_454' title='bbox 444 4880 550 4938; x_wconf 91' lang='lat' dir='ltr'><strong>horum</strong></span> <span class='ocrx_word' id='word_1_455' title='bbox 572 4894 738 4957; x_wconf 86' lang='lat' dir='ltr'><strong>temporum</strong></span> <span class='ocrx_word' id='word_1_456' title='bbox 755 4879 927 4936; x_wconf 88' lang='lat' dir='ltr'><strong>memoriam</strong></span> <span class='ocrx_word' id='word_1_457' title='bbox 947 4887 998 4934; x_wconf 88' lang='lat' dir='ltr'><strong>aut</strong></span> <span class='ocrx_word' id='word_1_458' title='bbox 1020 4878 1158 4953; x_wconf 84' lang='lat' dir='ltr'><strong>ignorant</strong></span> <span class='ocrx_word' id='word_1_459' title='bbox 1177 4888 1229 4934; x_wconf 75' lang='lat' dir='ltr'><strong>aaut</strong></span> <span class='ocrx_word' id='word_1_460' title='bbox 1247 4886 1449 4936; x_wconf 88' lang='lat' dir='ltr'><strong>contemnunt.</strong></span> 
     </span>
     <span class='ocr_line' id='line_1_44' title="bbox 120 4978 1450 5057; baseline 0 -21"><span class='ocrx_word' id='word_1_461' title='bbox 120 4979 187 5054; x_wconf 84' lang='lat' dir='ltr'><strong>Ego</strong></span> <span class='ocrx_word' id='word_1_462' title='bbox 210 4999 288 5057; x_wconf 89' lang='lat' dir='ltr'><strong>quae</strong></span> <span class='ocrx_word' id='word_1_463' title='bbox 310 5000 348 5038; x_wconf 84' lang='lat' dir='ltr'><strong>ex</strong></span> <span class='ocrx_word' id='word_1_464' title='bbox 371 4981 427 5038; x_wconf 89' lang='lat' dir='ltr'><strong>lroc</strong></span> <span class='ocrx_word' id='word_1_465' title='bbox 446 4981 533 5039; x_wconf 90' lang='lat' dir='ltr'><strong>titulo</strong></span> <span class='ocrx_word' id='word_1_466' title='bbox 555 4989 607 5040; x_wconf 89' lang='lat' dir='ltr'><strong>aut</strong></span> <span class='ocrx_word' id='word_1_467' title='bbox 628 4980 813 5040; x_wconf 87' lang='lat' dir='ltr'><strong>elucidantur</strong></span> <span class='ocrx_word' id='word_1_468' title='bbox 835 4990 887 5037; x_wconf 88' lang='lat' dir='ltr'><strong>aut</strong></span> <span class='ocrx_word' id='word_1_469' title='bbox 909 4979 1103 5037; x_wconf 88' lang='lat' dir='ltr'><strong>addiscuntur</strong></span> <span class='ocrx_word' id='word_1_470' title='bbox 1125 4979 1253 5038; x_wconf 87' lang='lat' dir='ltr'><strong>breviter</strong></span> <span class='ocrx_word' id='word_1_471' title='bbox 1275 4978 1450 5054; x_wconf 78' lang='lat' dir='ltr'><strong>explicab03</strong></span> 
     </span>
     <span class='ocr_line' id='line_1_45' title="bbox 120 5080 1450 5160; baseline -0.001 -22"><span class='ocrx_word' id='word_1_472' title='bbox 120 5100 190 5140; x_wconf 86' lang='lat' dir='ltr'><strong>nam</strong></span> <span class='ocrx_word' id='word_1_473' title='bbox 211 5082 351 5159; x_wconf 89' lang='lat' dir='ltr'><strong>pluribus</strong></span> <span class='ocrx_word' id='word_1_474' title='bbox 373 5083 501 5160; x_wconf 81' lang='lat' dir='ltr'><strong>negotiis</strong></span> <span class='ocrx_word' id='word_1_475' title='bbox 525 5083 660 5142; x_wconf 86' lang='lat' dir='ltr'><strong>districto</strong></span> <span class='ocrx_word' id='word_1_476' title='bbox 683 5083 753 5140; x_wconf 86' lang='grc'>1111111</span> <span class='ocrx_word' id='word_1_477' title='bbox 769 5082 861 5140; x_wconf 91' lang='lat' dir='ltr'><strong>otium</strong></span> <span class='ocrx_word' id='word_1_478' title='bbox 885 5081 986 5152; x_wconf 78' lang='lat' dir='ltr'><strong>deluit,</strong></span> <span class='ocrx_word' id='word_1_479' title='bbox 1009 5100 1063 5139; x_wconf 84' lang='lat' dir='ltr'><strong>nec</strong></span> <span class='ocrx_word' id='word_1_480' title='bbox 1085 5080 1185 5156; x_wconf 87' lang='lat' dir='ltr'><strong>placet</strong></span> <span class='ocrx_word' id='word_1_481' title='bbox 1207 5099 1261 5157; x_wconf 90' lang='lat' dir='ltr'><strong>pro</strong></span> <span class='ocrx_word' id='word_1_482' title='bbox 1283 5080 1343 5138; x_wconf 89' lang='lat' dir='ltr'><strong>albi</strong></span> <span class='ocrx_word' id='word_1_483' title='bbox 1362 5081 1450 5138; x_wconf 90' lang='lat' dir='ltr'><strong>huius</strong></span> 
     </span>
     <span class='ocr_line' id='line_1_46' title="bbox 119 5182 1401 5262; baseline -0.002 -21"><span class='ocrx_word' id='word_1_484' title='bbox 119 5182 364 5259; x_wconf 82' lang='lat' dir='ltr'><strong>interpretatione</strong></span> <span class='ocrx_word' id='word_1_485' title='bbox 386 5203 448 5242; x_wconf 89' lang='lat' dir='ltr'><strong>rem</strong></span> <span class='ocrx_word' id='word_1_486' title='bbox 471 5185 682 5259; x_wconf 87' lang='lat' dir='ltr'><strong>municipalem</strong></span> <span class='ocrx_word' id='word_1_487' title='bbox 705 5198 772 5262; x_wconf 90' lang='lat' dir='ltr'><strong>pest</strong></span> <span class='ocrx_word' id='word_1_488' title='bbox 794 5183 1015 5241; x_wconf 82' lang='lat' dir='ltr'><strong>Diocletianum</strong></span> <span class='ocrx_word' id='word_1_489' title='bbox 1038 5182 1208 5240; x_wconf 82' lang='lat' dir='ltr'><strong>universam</strong></span> <span class='ocrx_word' id='word_1_490' title='bbox 1232 5194 1401 5240; x_wconf 84' lang='lat' dir='ltr'><strong>retractare.</strong></span> 
     </span>
    </p>
   </div>
   <div class='ocr_carea' id='block_1_3' title="bbox 0 0 1760 5812">
    <p class='ocr_par' dir='ltr' id='par_1_3' title="bbox 0 0 1760 5812">
     <span class='ocr_line' id='line_1_47' title="bbox 0 0 1760 5812; baseline 0 3"><span class='ocrx_word' id='word_1_491' title='bbox 0 0 1760 5812; x_wconf 95' lang='lat' dir='ltr'><strong> </strong></span> 
     </span>
    </p>
   </div>
  </div>
 </body>
</html>
