3510 5812
540 506 674 558 sumar.
696 508 799 559 cous.
819 508 925 559 sucu.
944 508 993 558 nu
1013 508 1218 559 crzrcuurs.
1471 490 1539 558 157

298 678 513 757 supplementa
530 696 607 755 quae
628 680 776 755 adscripsi
799 689 868 739 sunt
884 681 945 738 fere
960 680 1137 738 Perrotiana
1159 681 1293 757 exceptis
1317 682 1353 740 iis
1376 682 1412 739 dc
1434 683 1541 757 quibus

103 793 106 805 '
209 782 287 842 inira
308 783 420 841 monui.
457 781 622 840 Videamus
645 792 742 840 autem
766 783 894 859 primum
917 783 954 840 de
976 782 1184 853 sollemnibus,
1207 782 1313 842 deinde
1336 784 1372 842 de
1394 785 1541 860 personis,

211 885 340 961 denique
361 884 397 942 de
418 884 487 960 ipsa
508 903 550 943 re.

291 984 364 1043 v.1
398 985 542 1043 Perrotus
571 985 616 1060 [S.
641 1006 663 1045 c.
687 988 721 1045 dc
747 987 921 1063 coudihiouc
954 986 1158 1061 Kpricerrorum
1187 1005 1246 1045 non
1273 996 1365 1058 recte3
1399 988 1428 1046 id
1463 990 1542 1048 enim

210 1088 389 1147 vocabulum
415 1107 469 1163 per
497 1108 511 1146 c
537 1088 724 1146 scribendum
754 1089 818 1147 luit.
862 1090 958 1147 Immo
986 1090 1018 1147 in
1045 1102 1152 1165 ectypo
1178 1089 1250 1147 milti
1278 1090 1370 1148 misso
1400 1109 1465 1147 cum
1494 1091 1543 1148 de·

208 1190 417 1269 prehenderim
455 1205 668 1261 »scutariorum
694 1200 775 1249 certo
794 1191 922 1249 efficitur
945 1191 1037 1249 luisse
1060 1191 1089 1248 in
1111 1191 1211 1268 lapide
1234 1190 1261 1265 [s
1275 1221 1280 1234 ·
1294 1207 1312 1250 c
1324 1221 1330 1233 ·
1343 1208 1400 1248 os·
1415 1192 1542 1266 e]osrv·

210 1309 353 1365 sartores,
375 1309 434 1368 quo
457 1292 557 1350 hiatus
580 1293 658 1351 iuste
680 1294 826 1370 expletur.
871 1290 1015 1352 Similiter
1038 1303 1162 1350 senatus
1183 1293 1352 1351 consultum
1368 1293 1543 1352 Africanum

208 1396 349 1473 supparis
374 1393 481 1452 aetatis
508 1394 611 1471 incipit
633 1394 775 1470 s(enutus)
799 1394 984 1471 c(ousultum)
1000 1396 1034 1453 cla
1049 1396 1186 1451 nundinis
1209 1395 1299 1453 saltus
1316 1395 1474 1470 Repu-cusia
1491 1439 1497 1452 .
1514 1437 1541 1452 ..

209 1499 379 1575 descriptum
401 1505 429 1554 et
448 1501 620 1573 recopuitum
641 1504 708 1567 cet,
740 1496 936 1573 videnturque
963 1497 1109 1555 eiusmodi
1131 1496 1383 1574 praescriptiones
1406 1497 1444 1554 ab
1467 1499 1542 1555 anti-

188 1599 315 1677 .quiore
343 1598 557 1657 consuetudine
585 1599 779 1657 abhorrentes
810 1600 865 1657 hac
893 1607 990 1657 aetate
1017 1600 1093 1656 inter
1121 1599 1280 1657 sollemnia
1308 1609 1444 1675 receptae
1467 1617 1542 1658 esse.

209 1700 257 1759 Eo
279 1699 398 1759 nomine
422 1709 519 1758 autem
542 1700 684 1759 differunt
698 1702 757 1760 dno
779 1701 854 1759 haec
877 1712 999 1759 serratus
1015 1700 1163 1771 consulta,
1185 1700 1265 1775 quod
1288 1702 1403 1777 petitio,
1427 1701 1463 1759 de
1485 1719 1544 1777 qua

210 1809 334 1862 senatus
356 1801 499 1874 decernit,
527 1803 557 1859 in
579 1802 724 1860 Africano
755 1803 919 1860 secundum
942 1822 1030 1861 usum
1058 1805 1213 1878 antiquum
1237 1803 1266 1859 in
1288 1804 1387 1879 ipsum
1412 1814 1544 1861 tenorem

212 1903 342 1963 consulti
364 1916 514 1980 receptum
537 1914 598 1962 cst:
623 1906 760 1980 quod...
777 1905 904 1963 cortsules
925 1907 1011 1963 rerba
1025 1908 1156 1981 jecerunt
1174 1907 1207 1961 de
1230 1906 1370 1964 desider-io
1391 1909 1544 1963 uruicorum

210 2006 312 2065 Lucili
325 2006 464 2081 Africani
485 2025 510 2065 c.
531 2026 570 2079 u,
593 2010 644 2082 qui
661 2016 770 2082 petunt,
793 2015 824 2063 ut
837 2017 904 2078 cet,
927 2007 957 2064 in
973 2006 1089 2063 Asiane
1110 2008 1167 2064 hoc
1186 2008 1355 2065 consultum
1378 2007 1543 2083 praecedit:

212 2112 263 2185 qui
284 2109 391 2180 diruant,
419 2117 452 2167 ut
476 2116 532 2168 cet.
576 2108 650 2166 Inde
679 2108 750 2166 item
778 2108 947 2183 explicatur
975 2126 1051 2184 quae
1074 2108 1137 2166 sinc
1159 2126 1250 2167 causa
1271 2109 1428 2167 Perroturu
1451 2109 1545 2168 offen·

212 2210 256 2271 dit
282 2211 432 2288 particula
463 2221 494 2269 ut
528 2222 599 2287 post
625 2210 742 2268 dicendi
769 2210 961 2279 vocabulum3
989 2228 1025 2267 ea
1049 2211 1126 2267 enim
1149 2211 1360 2289 legitimaest‚
1382 2211 1433 2269 ubi
1455 2212 1546 2269 idad

210 2311 332 2371 iubendi
358 2311 516 2389 petendive
544 2312 791 2389 significationem
820 2311 963 2383 deflectit,
996 2321 1028 2370 ut
1052 2312 1182 2389 exempli
1211 2331 1303 2371 eausa
1329 2314 1438 2389 legitur
1466 2314 1545 2390 apud

210 2422 363 2473 auctorem
386 2414 424 2471 ad
446 2413 518 2472 Her.
543 2415 572 2485 4,
589 2415 638 2485 50,
656 2414 709 2472 63:
733 2418 758 2471 ei
780 2416 848 2471 dicit
868 2418 898 2470 in
921 2431 1017 2471 aurern
1039 2425 1070 2472 ut
1090 2415 1167 2472 clenti
1189 2415 1284 2473 lectuli
1306 2425 1476 2473 sternantur.

295 2515 552 2591 Praescriptionis
575 2517 675 2591 cupita
698 2515 757 2571 duo
780 2533 856 2590 qnae
879 2525 1045 2591 sequuntur
1067 2515 1096 2572 iu
1116 2516 1261 2574 Africano
1284 2517 1321 2574 dc
1343 2516 1545 2592 descriptione

211 2628 242 2677 et
267 2617 485 2694 recognitione,
514 2618 583 2676 item
613 2617 649 2674 dc
674 2618 743 2675 loco
776 2625 896 2674 senatus
927 2617 1056 2674 consulti
1088 2618 1158 2675 sacti
1193 2619 1223 2675 in
1253 2616 1403 2693 Cyziceno
1430 2618 1546 2676 omissa

210 2730 289 2779 sunt.
334 2718 506 2795 Sequuntur
527 2720 558 2777 in
575 2730 701 2795 utroque
718 2718 839 2776 nomina
858 2737 960 2775 eornm
983 2719 1033 2793 qui
1056 2718 1214 2778 scribendo
1230 2719 1397 2789 adfuerunt,
1421 2719 1545 2776 habent·

211 2839 269 2897 que
290 2821 350 2879 duo
373 2832 496 2879 senatus
519 2821 654 2879 consulta
677 2822 733 2877 hoc
756 2820 919 2896 proprium,
947 2821 1027 2895 quod
1054 2821 1083 2877 in
1106 2832 1233 2895 utroque
1255 2821 1432 2878 adhibentur
1453 2831 1545 2879 testes

211 2924 339 2999 septeni,
368 2923 397 2980 in
424 2923 472 2980 his
500 2932 599 2981 autem
626 2923 687 2981 bini
716 2932 851 2979 extremo
880 2922 945 2979 loco
974 2923 1116 2979 nominati
1144 2930 1320 2997 quaestores
1343 2931 1421 2980 stunt.
1466 2920 1546 2980 Nam

211 3024 290 3101 quod
313 3024 531 3082 Wilmannsius
559 3042 625 3082 cum
654 3023 727 3081 illud
750 3024 858 3081 edebat
884 3037 962 3082 recte
990 3026 1019 3082 in
1042 3026 1155 3082 incerto
1181 3025 1304 3101 reliquit
1326 3023 1368 3101 (p.
1387 3024 1471 3099 277),
1495 3024 1546 3081 ille

209 3144 353 3185 numerus
376 3135 475 3183 utrum
499 3127 584 3184 casui
607 3126 782 3185 tribuendus
810 3127 849 3183 sit
876 3144 914 3183 an
938 3126 1103 3184 communis
1132 3126 1182 3184 lex
1210 3126 1246 3185 de
1277 3136 1390 3201 septem
1418 3127 1546 3184 testibus

210 3227 389 3286 adhibendis
418 3246 453 3286 eu
479 3235 576 3286 aetate
605 3229 643 3285 ad
670 3229 738 3305 ipsa
760 3235 883 3286 senatus
907 3228 1045 3285 consulto
1074 3229 1253 3303 pervenerit,
1276 3227 1306 3285 id
1329 3238 1397 3304 post
1419 3228 1547 3285 alterum

211 3329 378 3389 consultum
412 3329 563 3404 prolatum
597 3330 656 3387 iam
690 3329 807 3386 videtur
839 3331 882 3387 ita
910 3328 1113 3400 diiudicatum,
1146 3339 1177 3387 ut
1210 3331 1283 3386 hacc
1315 3331 1463 3388 sententia
1495 3332 1547 3387 ob-

211 3432 342 3491 tinuerit.

295 3532 343 3592 De
365 3534 577 3610 quaestoribus
600 3541 698 3593 autem
715 3535 796 3610 quod
818 3535 883 3609 ipse
899 3533 960 3591 dixi
984 3535 1003 3593 l.
1020 3554 1044 3592 c.
1062 3553 1091 3610 p.
1108 3533 1179 3607 283,
1202 3532 1320 3611 egregie
1343 3534 1400 3591 hoc
1416 3533 1547 3592 secundo

211 3636 349 3695 consulto
377 3637 578 3695 confirmatur.
622 3637 786 3713 Perperam
801 3636 948 3694 Perrotus
970 3635 1099 3694 litteram
1122 3636 1305 3711 singularem
1329 3654 1348 3692 a
1362 3654 1421 3711 qua
1443 3635 1547 3711 incipit

214 3758 243 3796 v.
262 3740 297 3795 ll
316 3755 356 3810 Q·
378 3740 456 3814 quod
477 3739 648 3815 significare
670 3739 727 3796 sibi
749 3739 914 3814 persuasit3
936 3756 1005 3795 narn
1022 3757 1117 3814 neque
1132 3738 1278 3795 eiusmodi
1294 3737 1408 3794 notatio
1430 3747 1550 3813 recepta

214 3848 261 3898 est
287 3858 341 3898 nec
368 3851 447 3899 recte
475 3842 519 3899 sic
545 3841 680 3918 procedit
706 3840 818 3909 oratio,
851 3858 917 3897 cum
949 3839 1096 3914 particula
1122 3840 1199 3913 quod
1225 3839 1266 3896 ita
1293 3838 1382 3915 plane
1408 3837 1548 3896 abundet.

213 3938 351 4001 Ceterum
379 3943 496 4001 cautius
522 3943 553 4000 in
580 3952 703 3999 senatus
733 3941 870 3998 consulto
894 3940 1036 3997 Africano
1063 3941 1163 3997 littera
1185 3941 1352 4015 Qutrique
1375 3926 1476 3996 eorum
1499 3940 1549 4013 qui

212 4054 363 4121 postremo
390 4043 457 4102 loco
484 4044 675 4101 nominantur
703 4043 855 4118 adscripta
883 4049 930 4099 est
955 4060 1043 4117 quam
1071 4041 1162 4099 semel
1191 4041 1311 4116 ponitur
1336 4041 1366 4098 in
1389 4038 1548 4115 Cyziceno,

212 4145 344 4203 comita
366 4164 404 4203 ex
426 4146 483 4204 hoc
505 4146 572 4221 ipso
593 4164 652 4201 non
676 4153 831 4221 appareat,
855 4153 951 4201 utrum
974 4153 1108 4219 quaestor
1129 4142 1285 4219 legendum
1308 4142 1345 4200 sit
1366 4160 1402 4199 an
1419 4151 1547 4218 pecccato-

212 4263 258 4305 rcs
280 4256 310 4305 et
331 4246 388 4305 hoc
409 4247 509 4324 posito
532 4255 680 4323 quatenus
703 4247 829 4322 pluralis
853 4247 879 4304 is
901 4246 1065 4322 perveniat.

296 4347 358 4405 lam
382 4348 525 4407 subicitur
547 4349 669 4418 relatio,
697 4348 734 4406 de
749 4366 809 4424 qua
831 4356 954 4407 senatus
978 4348 1122 4418 decrevit3
1146 4347 1199 4407 scd
1222 4347 1332 4406 recedit
1355 4365 1391 4404 ea
1413 4366 1431 4404 a
1452 4347 1549 4404 forma

214 4458 364 4509 consueta.
410 4447 530 4510 Scilicet
560 4469 626 4509 cum
654 4460 777 4509 senatus
801 4451 971 4510 consultum
993 4451 1122 4527 incipere.
1150 4450 1243 4508 soleat
1271 4469 1288 4507 a
1314 4449 1460 4507 relatione
1487 4469 1549 4507 rua·

213 4552 394 4629 gistrmuum
423 4552 514 4628 (quod
535 4553 663 4611 crustulas
684 4553 770 4611 uerba
784 4553 941 4629 fecerunt),
968 4559 1134 4628 sequantur
1162 4550 1325 4609 sententiae
1352 4551 1394 4608 ita
1416 4557 1549 4609 contrac-

221 4672 275 4727 ac,
310 4661 343 4712 ut
380 4654 566 4730 singularum
599 4654 709 4713 mentio
740 4655 825 4713 nulla
851 4655 917 4726 fiat,
953 4653 1006 4712 sed
1034 4672 1150 4712 summu
1178 4672 1232 4730 per
1259 4654 1357 4730 capita
1383 4652 1552 4711 declaretur

221 4754 298 4831 (curu
319 4755 373 4813 illa
395 4758 436 4813 itu
458 4774 488 4813 ac
510 4756 671 4832 luberent),
693 4757 821 4832 denique
846 4757 944 4815 veniat
965 4756 1064 4833 ipsum
1088 4755 1239 4814 decretum
1262 4754 1397 4831 (placere
1414 4755 1550 4831 relictui),

222 4856 272 4915 bic
292 4875 309 4915 c
331 4856 482 4916 contrario
504 4858 630 4917 retertur
650 4869 769 4934 praeter
790 4858 897 4929 locum,
925 4876 984 4934 quo
1011 4858 1085 4915 haec
1105 4857 1241 4933 quaestio
1265 4876 1301 4915 eo
1322 4856 1369 4916 die
1390 4857 1422 4915 in
1443 4864 1551 4915 senatu

221 4966 349 5018 tracuta
369 4969 425 5029 est,
452 4960 602 5018 sententio
627 4960 692 5020 eius
719 4960 769 5037 qui
796 4960 912 5037 primns
937 4960 1088 5019 censuerit
1109 4959 1217 5035 cuique
1237 4958 1393 5036 probabile
1415 4967 1463 5018 est
1482 4958 1552 5018 reli·

221 5077 298 5137 qnos
312 5060 495 5121 adsendsse.
519 5058 696 5138 Comparari
711 5070 851 5139 poterunt
861 5060 1054 5140 municipalia
1064 5060 1184 5121 decreta
1193 5060 1341 5137 quaedam
1352 5060 1395 5137 (r.
1408 5058 1552 5119 Huebner

119 5186 124 5195 ·
222 5162 260 5222 dc
281 5171 404 5223 senam
429 5163 593 5241 populique
613 5162 651 5223 R.
674 5164 749 5223 actis
771 5184 801 5243 p.
818 5160 887 5240 tt),
914 5163 1046 5225 maxime
1072 5161 1284 5243 Tergestiuum
1305 5160 1410 5223 roLV
1431 5180 1462 5223 u.
1477 5160 1550 5235 532,
