3510 5812
204 550 253 621 84
455 568 640 621 nonusnn
668 569 972 620 oasnavn'novns
999 569 1287 619 nrrcnarnrcsn.

206 743 319 798 curiam
341 743 545 818 perveniretur
566 741 860 816 adsciscerenturqne
883 750 1037 815 praetcrea
1060 740 1235 799 decuriones
1259 741 1384 816 pedanei
1407 760 1538 817 quoque,

206 843 236 902 id
258 855 304 901 est
326 863 385 901 non
408 863 447 902 ex
463 844 576 901 honore
592 854 687 919 gesto,
711 844 764 902 sed
787 864 824 901 cx
848 842 974 902 lectione
996 843 1075 900 sacti.
1121 841 1180 902 Sed
1196 842 1233 899 ad
1256 844 1354 918 ipsam
1371 843 1536 900 Romanam

206 945 318 1004 curiam
344 945 422 1020 quod
456 946 570 1015 attinet,
604 946 668 1003 fieri
703 955 810 1021 potest,
847 955 877 1003 ut
909 945 978 1001 talis
1011 945 1072 1001 sere
1104 945 1146 1002 ibi
1181 944 1332 1002 ordinatio
1365 945 1536 1014 obtinuerit,

205 1047 323 1122 qualem
344 1048 375 1103 in
399 1046 503 1104 Africa
524 1047 689 1105 obtinuisse
717 1049 776 1104 iam
803 1055 894 1124 patet,
923 1045 1035 1103 scilicet
1058 1051 1141 1104 utin
1164 1055 1271 1104 senatu
1294 1055 1413 1120 praeter
1436 1064 1535 1104 sacer·

206 1148 292 1206 dotes
315 1149 569 1224 magistratusque
597 1168 655 1206 non
682 1157 784 1207 essent
811 1149 869 1205 nisi
892 1148 1076 1206 consulares.
1120 1146 1200 1206 Nam
1223 1156 1377 1224 praetores
1399 1158 1538 1222 quaesto-

205 1269 314 1324 resque
336 1251 387 1326 qui
410 1251 587 1308 creabantur
609 1261 770 1326 potuerunt
792 1258 844 1306 ant
864 1261 949 1307 extra
971 1251 1082 1307 curiam
1106 1251 1135 1307 ln
1158 1249 1335 1308 clarissimis
1351 1269 1470 1307 manere
1486 1261 1538 1308 aut

207 1372 266 1409 una
287 1371 353 1409 cum
373 1354 551 1428 magistratu
572 1353 727 1410 codicillos
749 1351 883 1427 accipere
905 1351 1137 1409 consularitatis.
1182 1351 1269 1424 Quod
1291 1351 1327 1409 de
1350 1353 1539 1425 praetoribus

207 1455 400 1511 confirmatur
428 1454 648 1528 quodammodo
675 1454 802 1511 Polemii
830 1453 973 1510 laterculo
1000 1453 1036 1510 ad
1060 1453 1158 1510 Iani)
1181 1451 1230 1525 (C.
1254 1454 1278 1510 I.
1302 1453 1336 1510 L.
1361 1454 1375 1510 I
1399 1474 1426 1529 p.
1445 1452 1535 1527 335)=

207 1556 317 1628 suffecti
339 1556 467 1613 consules
490 1557 674 1630 destqnaatur
697 1559 755 1613 sice
776 1567 933 1630 praetores.
977 1555 1115 1630 Denique
1138 1555 1167 1612 in
1191 1566 1328 1613 senatum
1344 1557 1395 1629 qui
1418 1554 1537 1631 adlege-

207 1657 325 1726 bantur‚
353 1676 389 1714 eo
417 1668 551 1732 tempore
578 1657 715 1715 videntur
742 1657 850 1715 adlecti
878 1676 945 1715 esse
972 1658 1047 1714 inter
1074 1657 1247 1715 consulares
1275 1674 1378 1713 omnes
1407 1655 1455 1731 (C.
1479 1655 1537 1714 Th.

208 1758 236 1830 6,
254 1756 316 1826 Μ
339 1758 440 1833 ibique
465 1757 692 1832 Gothofredus).
737 1761 780 1817 At
801 1758 1004 1816 difficillimam
1033 1760 1238 1834 quaestionem
1268 1759 1304 1814 de
1331 1769 1452 1816 senatus
1475 1757 1537 1815 Ro-

207 1861 285 1919 mani
313 1860 401 1918 huius
424 1860 537 1919 saeculi
559 1861 770 1919 constitutione
796 1861 842 1918 his
867 1860 940 1917 meis
964 1859 1198 1918 dubitationibus
1219 1879 1278 1919 non
1303 1861 1421 1918 solvere
1443 1859 1536 1931 volun

208 1962 258 2020 sed
282 1962 350 2020 aliis
372 1963 580 2020 commendare
603 1962 787 2020 solvendam.

291 2062 454 2121 Numerum
477 2064 669 2121 decurionum
693 2064 802 2134 album,
833 2065 858 2122 si
888 2073 966 2121 recte
994 2064 1023 2120 id
1045 2064 1259 2131 intelleximus
1287 2076 1397 2121 certum
1421 2063 1537 2121 nullum

208 2166 320 2235 habuit,
348 2164 402 2223 sed
424 2165 599 2242 pendentem
622 2185 661 2224 ex
684 2185 808 2223 numero
834 2166 1032 2223 duoviralium
1060 2167 1111 2240 qui
1140 2167 1320 2224 adviverent.
1370 2164 1538 2224 Nominan-

207 2277 256 2326 tur
292 2268 322 2325 in
356 2268 426 2325 albo
458 2267 594 2326 homines
616 2268 740 2325 LXXII
773 2279 928 2324 numerato
963 2287 998 2324 eo
1034 2268 1081 2325 cui
1115 2278 1215 2325 statua
1248 2267 1410 2324 dedicatur.
1461 2265 1539 2325 Sunt

207 2386 311 2428 essere
337 2370 445 2426 debent
473 2370 503 2426 in
530 2370 632 2427 ordine
661 2368 830 2428 sacerdotes
852 2368 973 2426 XLVII
996 2369 1213 2442 (sacerdotales
1242 2369 1283 2435 ΙΙ,
1313 2369 1448 2427 flamines
1473 2387 1537 2443 per·

206 2472 286 2545 petui
309 2471 474 2541 XXXVII,
501 2472 657 2548 pontifices
679 2471 756 2542 1111,
780 2489 907 2546 augures
929 2470 1020 2544 IIII),
1051 2473 1243 2547 magistratus
1267 2470 1328 2527 VII
1356 2471 1490 2545 (curator
1512 2470 1537 2540 1,

206 2572 238 2630 ΙΙ
261 2573 314 2629 viri
337 2573 380 2643 11,
411 2573 524 2632 aediles
546 2573 588 2644 ΙΙ,
615 2582 791 2648 quaestores
819 2572 873 2647 II),
902 2573 954 2629 sed
981 2584 1013 2630 nt
1035 2574 1155 2648 quidam
1182 2580 1212 2628 et
1238 2574 1314 2629 inter
1341 2573 1538 2647 magistratus

207 2687 236 2732 et
258 2674 334 2732 inter
357 2675 527 2732 sacerdotes
550 2675 739 2732 nominentur
763 2675 938 2748 deliciatque
961 2693 998 2730 ex
1022 2675 1234 2749 quaestoribus
1257 2673 1341 2732 alter.
1382 2672 1538 2731 Accedunt

206 2775 393 2834 duoviralicii
416 2776 489 2845 XII,
512 2777 637 2850 denique
659 2777 777 2852 patroni
800 2776 890 2833 XIII.

1241 2877 1298 2936 Tn.
1322 2878 1492 2936 Montnsan.

961 4177 1174 4185 .--.--,---

633 4232 748 4288 prount
769 4230 796 4286 n.
821 4228 859 4285 22
880 4232 997 4306 nprna
1023 4230 1111 4288 rare.

717 5186 850 5194 -—--..-
865 5187 879 5191 ..
931 5187 950 5191 —
1068 5186 1173 5192 --—-

628 5234 731 5284 Formis
750 5232 912 5284 Academias
933 5232 981 5294 (G.
1003 5231 1108 5295 Vogt).
