3510 5812
212 511 257 580 18
761 528 981 580 onnunaunc

293 702 333 760 ΙΙ.
379 700 486 761 Codex
509 702 706 760 Paurmcanr
728 702 924 778 Augustanus
947 722 975 760 u.
993 700 1051 760 527
1077 700 1128 776 (ef.
1153 701 1184 758 C.
1208 702 1235 758 I.
1259 701 1291 757 ΙΙ
1313 719 1342 775 p.
1364 701 1436 776 Vl).
1480 703 1544 759 An-

209 806 324 881 tiquum
347 804 381 881 (l.
398 800 547 862 51-54‘.
573 800 717 881 ott-59)
741 805 895 880 excipiunt
915 803 950 878 (f.
967 803 1016 862 59.
1039 799 1101 878 59¹)
1123 803 1201 861 tituli
1230 802 1372 860 tredecim
1401 803 1466 860 sine
1488 803 1541 861 du·

209 908 260 964 bio
282 906 402 965 aliunde
425 907 539 982 accepti
564 906 645 980 (vide
670 907 700 965 C.
722 907 749 963 Ι.
773 905 804 962 11
827 925 855 983 p.
880 904 929 963 23.
953 905 1008 980 53)
1032 903 1242 964 Cordubenses
1265 905 1427 980 Astigitani
1450 903 1542 964 Olisi-

208 1026 358 1084 ponenses
381 1008 595 1067 Emeriteuses.

292 1110 351 1168 III.
396 1108 502 1172 Codex
526 1109 644 1170 Sanum
666 1110 852 1168 Veronensis
876 1110 922 1184 (C.
947 1111 974 1168 Ι.
997 1109 1029 1167 lI
1050 1130 1078 1186 p.
1102 1110 1172 1186 Vl).

292 1213 345 1272 lv.
391 1211 496 1271 Codex
524 1212 785 1271 Frnonnnnranns
815 1212 904 1271 modo
937 1222 1185 1272 commemoratus
1217 1213 1393 1271 chartaceus
1427 1213 1542 1270 formae

210 1316 415 1388 duodecimae,
438 1315 568 1391 scriptus
591 1315 713 1373 omnino
734 1315 765 1373 in
788 1314 886 1373 Italia.
930 1316 1025 1373 Aetas
1049 1316 1112 1373 eius
1135 1315 1273 1374 definitur
1300 1334 1366 1373 eum
1390 1294 1542 1391 epitaphio

211 1416 396 1475 Ferdinandi
420 1417 451 1474 ΙΙ
478 1417 649 1492 Aragoniae
676 1418 769 1493 regis,
797 1417 849 1492 qui
878 1416 1006 1475 decessit
1031 1436 1058 1474 a.
1087 1417 1175 1487 1516,
1203 1417 1282 1493 quod
1312 1417 1421 1493 legitur
1447 1412 1541 1488 f.18‘‚

208 1525 271 1578 tum
294 1519 412 1577 duobus
435 1519 596 1596 epitaphiis
619 1518 653 1593 (f.
673 1515 748 1578 115¹.
775 1514 858 1594 124‘)
882 1519 993 1577 Anonii
1017 1516 1169 1577 casinatis
1191 1528 1220 1576 et
1243 1518 1461 1577 Anaximandri
1485 1517 1541 1577 Ca-

209 1620 336 1692 sinatis,
358 1639 484 1696 quorum
506 1620 579 1679 illud
602 1640 629 1679 a.
652 1619 730 1679 1512
753 1640 772 1679 a
795 1621 877 1691 vivo,
901 1628 934 1678 ut
956 1621 1088 1690 videtur,
1110 1621 1179 1678 libri
1202 1621 1323 1679 domino
1346 1630 1376 1679 et
1398 1640 1434 1678 ex
1458 1631 1542 1697 parte

212 1730 333 1781 anctore
357 1724 509 1800 scriptum,
533 1742 559 1779 a.
578 1723 653 1782 1531
680 1732 796 1781 mortuo
819 1722 886 1798 ipso
909 1732 1073 1781 correctum
1096 1730 1152 1793 est,
1179 1723 1236 1781 hoc
1259 1733 1382 1800 epatre
1404 1723 1467 1781 tilio
1489 1742 1541 1801 po-

209 1825 298 1883 situm
322 1825 451 1885 refertur
465 1825 504 1883 ad
526 1844 553 1882 a.
573 1823 660 1882 1511.
697 1824 757 1882 Hie
779 1825 855 1883 liber
869 1825 1142 1888 Tarraconensium
1165 1825 1318 1883 titulorum
1342 1827 1450 1884 seriem
1473 1844 1541 1883 cen·

209 1927 285 1985 tinet
305 1927 325 1984 f.
343 1927 480 1984 31-44:
505 1926 689 2003 interpositis
710 1926 796 1986 Italis
823 1935 989 2003 sequuntur
1010 1927 1126 1986 Baetici
1154 1945 1221 1985 eum
1249 1928 1430 2002 quibusdam
1452 1927 1540 1986 Lusi·

211 2029 291 2087 tanis
314 2029 334 2086 f.
351 2026 500 2087 tit-87.
545 2027 635 2102 Quod
660 2028 830 2104 exemplum
858 2031 888 2089 in
915 2030 962 2087 his
985 2048 1063 2104 quae
1085 2028 1169 2106 ponit
1195 2048 1254 2087 non
1277 2029 1376 2087 minus
1398 2048 1486 2105 quarn
1509 2030 1539 2087 in

209 2132 253 2189 eis
275 2148 352 2205 quae
375 2131 486 2189 omittit
507 2130 731 2190 accuratissime
753 2151 819 2189 cum
842 2131 917 2189 libro
937 2129 1043 2189 Sanuti
1067 2132 1214 2208 congruit.
1259 2129 1420 2190 Correetus
1442 2140 1540 2189 antem

209 2239 257 2292 est
277 2231 512 2291 Filenardianus
534 2232 570 2290 ad
593 2232 682 2291 iidem
704 2232 817 2291 codicis
839 2232 974 2304 alicuine,
1004 2233 1054 2308 qui
1080 2234 1284 2292 recensionem
1307 2230 1326 2292 a
1349 2232 1472 2293 Siedero
1495 2254 1540 2292 re-

207 2344 430 2411 praesentatam
458 2335 606 2404 exhibuit,
634 2335 770 2410 titulique
798 2353 816 2391 a
844 2334 1059 2393 Filenardiano
1086 2345 1115 2393 et
1143 2334 1259 2396 Sannto
1288 2338 1540 2397 consentientibus

207 2436 314 2494 omissi
334 2436 388 2494 iol.
408 2432 546 2510 18'-20,
571 2433 699 2494 22:26
723 2443 795 2494 sunt
814 2438 899 2495 relati
910 2437 945 2512 ¹).
989 2436 1073 2511 Quae
1094 2456 1165 2512 pars
1184 2439 1295 2497 codicis
1311 2459 1376 2497 cum
1401 2440 1542 2515 suppleat

210 2538 416 2597 collectionem
440 2539 460 2596 i.
477 2539 611 2609 31-44,
634 2535 763 2596 78‘-8t
788 2539 927 2615 positam,
950 2539 1139 2598 statuendum
1155 2551 1211 2610 est,
1234 2541 1363 2616 priorem
1379 2541 1456 2597 hanc
1472 2560 1540 2615 par·

207 2651 265 2699 tem
289 2640 463 2716 postillam
486 2641 681 2715 posteriorem
706 2642 845 2718 scriptam
870 2659 946 2700 esse.
990 2638 1047 2700 Cui
1075 2641 1261 2699 coniecturae
1288 2642 1430 2698 foliorum
1456 2641 1538 2698 illius

207 2742 321 2801 codicis
333 2742 410 2801 ratio
425 2743 523 2801 locum
535 2750 614 2800 certe
626 2743 687 2813 dat,
703 2762 769 2801 nant
783 2751 884 2817 partes
898 2744 961 2800 eins
977 2742 998 2799 f.
1012 2744 1025 2798 l
1041 2777 1077 2786 -
1088 2738 1134 2798 30¹
1147 2751 1176 2800 et
1186 2759 1293 2800 rursus
1309 2742 1328 2799 f.
1341 2737 1537 2799 31-128‘-

207 2845 312 2921 incipit
334 2853 433 2903 autem
453 2844 474 2903 f.
492 2845 527 2902 31
553 2862 631 2902 nova
653 2844 792 2902 soliorum
814 2843 1002 2919 complicatio
1018 2875 1058 2884 -
1074 2843 1162 2918 quasi
1185 2842 1301 2902 duobus
1314 2863 1370 2920 pro
1385 2843 1538 2901 codicibus

209 2947 312 3005 haberi
335 2964 425 3022 posse
447 2945 557 3004 indicio
578 2957 636 3018 est,
664 2945 744 3022 quod
766 2945 796 3003 in
819 2945 975 3020 utriusque
997 2944 1091 3021 partis
1113 2945 1171 3003 fine
1193 2944 1329 3004 videmus
1350 2964 1469 3004 manum
1493 2962 1539 3002 se-

209 3047 347 3121 cundem,
376 3066 437 3125 qua
462 3047 603 3125 adscripti
632 3057 703 3106 sunt
730 3046 809 3104 tituli
836 3046 964 3106 diversis
992 3047 1096 3105 Italiae
1120 3028 1299 3123 Galliaeque
1328 3047 1403 3106 locis
1432 3047 1462 3106 in
1485 3066 1539 3104 oro

208 3149 384 3227 plerumque
411 3152 503 3211 maris
530 3150 738 3210 mediterranei
761 3149 892 3221 collecti,
919 3149 956 3208 de
986 3169 1047 3227 qua
1074 3149 1191 3228 sylloge
1220 3149 1308 3227 plura
1337 3150 1387 3209 hie
1412 3149 1538 3208 dicenda

207 3253 294 3312 nobis
317 3272 376 3311 non
400 3262 479 3313 sunt.

291 3355 453 3414 Adduntur
475 3366 574 3415 autem
595 3357 626 3414 in
647 3356 725 3414 libro
746 3353 961 3413 Filenardiano
981 3354 1127 3431 Hispanis
1149 3373 1188 3413 ex
1205 3355 1338 3432 Antiqua
1360 3357 1464 3433 petitis
1485 3376 1538 3414 va-

208 3457 262 3517 riis
282 3457 361 3530 ⁴locis
384 3458 418 3534 (l.
434 3455 575 3515 22-22'.
599 3453 744 3516 26'-28‘.
770 3453 825 3516 86‘.
850 3456 988 3532 88—90)
1011 3457 1079 3527 alia,
1107 3475 1184 3532 quae
1206 3456 1265 3515 iam
1289 3468 1413 3517 externa
1439 3460 1537 3535 specie

208 3559 331 3619 abillis
353 3559 509 3630 differunt,
536 3559 640 3635 scripti
668 3559 744 3618 enim
769 3566 838 3617 sunt
859 3559 890 3616 hi
913 3559 991 3617 tituli
1014 3558 1149 3634 plerique
1176 3558 1272 3617 literis
1295 3560 1462 3620 uncialibus
1486 3564 1537 3620 ob·

208 3661 394 3738 servatisque
416 3662 477 3721 fere
500 3662 712 3721 elementorum
735 3660 1041 3750 concatenatiopibus,
1063 3678 1141 3736 quas
1164 3661 1315 3737 Antiquus
1338 3662 1454 3722 etiamsi
1477 3684 1536 3722 non

207 3773 378 3822 constanter
400 3765 543 3842 neglexit,
565 3763 718 3822 rarissime
741 3772 840 3821 tamen
869 3762 998 3821 exhibet.
1043 3760 1238 3821 Communem
1265 3763 1408 3841 originem
1437 3774 1470 3822 ut
1489 3766 1537 3823 his

206 3865 384 3938 tribuamus,
412 3865 470 3923 iam
498 3865 669 3942 regionum,
697 3866 735 3922 ad
763 3884 838 3941 quas
867 3865 1029 3941 pertinent,
1057 3865 1164 3924 suadet
1190 3865 1345 3936 vicinitas3
1373 3885 1441 3925 narn
1469 3880 1538 3926 sunt

207 3968 418 4043 inscriptiones
445 3978 580 4047 repertae
602 3966 759 4027 valentiae
782 3968 917 4045 locisque
940 3967 1046 4026 vicinis
1069 3967 1171 4027 Liriae
1193 3978 1222 4027 et
1236 3967 1333 4040 Vilar,
1356 3968 1460 4028 deinde
1483 3967 1537 4029 Sa·

208 4139 411 4148 ——-—-.--

287 4278 310 4342 ¹)
330 4281 467 4331 Praeterea
486 4280 550 4329 locis
570 4278 639 4328 haud
658 4279 745 4343 paneis
765 4278 900 4328 emendata
919 4286 978 4328 sunt
997 4278 1059 4327 titia
1078 4279 1197 4329 omnibus
1217 4280 1325 4345 Antiqui
1345 4283 1536 4346 exemplaribus

209 4373 364 4434 communia,
392 4388 455 4438 quas
480 4371 651 4421 correctiones
675 4370 709 4419 ad
736 4370 816 4419 aliurn
840 4370 937 4419 stentem
963 4370 1037 4420 nobis
1062 4371 1177 4433 ignotum
1203 4371 1288 4421 redire
1308 4375 1470 4424 statuendum
1490 4384 1536 4425 est.

208 4465 336 4530 Exempla
354 4479 436 4528 pauca
455 4478 567 4528 appono.
605 4463 637 4511 In
658 4462 732 4511 titulo
752 4479 777 4512 n.
791 4464 864 4512 4080
884 4463 913 4523 (f.
928 4463 973 4512 31.
993 4460 1050 4522 31¹)
1075 4461 1153 4511 rerba
1172 4463 1262 4513 ultima
1282 4461 1409 4531 Sampson.
1431 4464 1537 4516 Licinis

210 4556 271 4606 nola
290 4557 418 4620 adscripta
437 4563 503 4616 suut,
523 4569 588 4620 quac
609 4554 701 4604 desunt
725 4571 777 4605 non
797 4555 881 4604 minue
901 4554 969 4619 aputl
988 4553 1122 4606 Sicdernm
1142 4569 1217 4619 quam
1241 4557 1267 4605 in
1288 4558 1378 4607 ceteris
1398 4561 1535 4624 exemplis;

208 4664 234 4698 n.
250 4635 395 4710 attenti
408 4647 519 4699 Sauutua
539 4653 564 4696 ct
577 4647 776 4697 Filenardianus
795 4647 843 4696 soli
864 4646 1009 4711 exemplum
1024 4646 1133 4710 Antiqui
1153 4657 1326 4711 servaverunt,
1347 4651 1390 4715 qui
1409 4653 1464 4700 r.2
1484 4658 1535 4700 tra-

209 4724 272 4790 dunt
291 4740 328 4789 sic
347 4755 471 4804 ttaqyatno
489 4755 561 4788 amna
580 4738 673 4798 (reama
692 4739 764 4800 San.)
791 4737 879 4788 ebrum
903 4746 1006 4799 torenna,
1033 4746 1174 4788 correctum
1199 4747 1236 4788 est
1260 4756 1362 4791 nuceam
1381 4758 1447 4792 ocem
1467 4760 1535 4791 annm

202 4829 315 4896 sordem,
336 4845 412 4896 quam
432 4837 502 4895 patet
520 4846 572 4881 non
592 4845 646 4880 esse
666 4832 771 4880 alteram
791 4831 905 4880 eiusdem
925 4831 1038 4895 exempli
1059 4832 1243 4894 recensionem,
1266 4834 1310 4882 sed
1331 4835 1477 4898 exemplum
1497 4835 1536 4882 di-

209 4937 318 4974 versum.
334 4950 367 4961 -
383 4925 414 4974 ln
432 4923 582 4987 Saguntinis
600 4923 795 4988 Valentinisque
814 4921 883 4972 haud
902 4938 961 4973 raro
981 4923 1097 4972 loeornm
1117 4922 1288 4974 indicationes
1308 4925 1478 4975 accuratiores
1498 4928 1537 4976 in-

208 5024 248 5066 ter
266 5016 446 5081 corrigendum
465 5015 609 5079 adscriptae
628 5023 695 5077 sunt,
722 5029 829 5081 querum
849 5015 922 5080 origo
945 5014 1014 5065 haud
1034 5015 1086 5065 seio
1107 5031 1140 5065 an
1160 5018 1296 5067 coniuncta
1314 5018 1348 5066 sit
1367 5034 1424 5068 cum
1445 5019 1536 5068 eollee-
1567 5009 1575 5022 ⁹

207 5109 278 5159 tione
303 5109 434 5158 titulorum
459 5108 545 5157 statim
572 5107 806 5170 commemoranda,
832 5123 908 5172 qnam
934 5108 1003 5157 idem
1024 5107 1105 5158 codex
1126 5108 1239 5170 exhibet,
1261 5109 1288 5160 in
1308 5124 1359 5174 qua
1379 5111 1537 5175 saguntinae

208 5200 411 5266 Valentinaeque
430 5200 610 5286 inscriptiones
629 5200 771 5266 principem
789 5200 874 5251 locum
894 5207 989 5251 tenent.
