3510 5812
330 491 401 560 252
920 512 1065 564 nonnas

329 685 368 742 ib.
391 704 420 761 p.
438 686 487 755 56,
509 685 588 743 infra
603 702 621 742 a
635 704 683 743 me
705 683 855 744 delineata
876 685 1080 762 exhibetur)¹)
1103 703 1180 743 nuno
1201 684 1279 743 inter
1300 683 1361 743 alia
1381 684 1491 743 rudera
1513 700 1568 742 suo
1589 681 1661 740 loeo

329 787 434 844 avulsa
456 794 516 858 est;
538 787 608 845 item
630 786 690 844 alio
712 786 780 846 loeo
802 789 946 845 Actorum
968 797 1106 845 narratur
1135 787 1190 861 (30
1211 787 1301 845 Mart.
1326 785 1421 862 1874)
1443 788 1470 845 ai
1491 787 1505 843 ὲ
1526 793 1662 863 scoparto

329 907 389 946 uno
409 889 519 964 prande
541 888 608 946 basa
633 892 722 947 attica
744 892 773 946 ia
795 908 902 947 marma
925 898 1129 965 appartenenta
1150 888 1208 947 alla
1229 898 1293 948 nota
1313 890 1429 946 colonas
1451 890 1584 945 onerario
1607 885 1661 961 (de

329 989 436 1064 quibus
451 990 529 1047 infra
544 990 715 1066 dicendum)
738 990 824 1066 lunpo
847 992 877 1048 lo
898 996 946 1049 oia
968 1010 1053 1049 soora
1075 992 1133 1048 alto
1152 992 1181 1061 0,
1199 992 1237 1049 to
1256 1009 1311 1066 per
1334 989 1472 1061 (19511
1493 992 1661 1058 diamantro,

331 1091 362 1148 lo
384 1092 470 1167 quola
491 1095 506 1150 ὲ
526 1076 676 1169 oapooolta
697 1094 745 1152 sal
761 1097 852 1168 piano
875 1093 922 1151 del
937 1094 1022 1165 soro,
1055 1093 1182 1169 denique
1213 1093 1244 1151 in
1265 1090 1423 1151 Relatione
1456 1091 1493 1149 de
1526 1090 1661 1168 capitulo

331 1193 444 1251 ordinis
467 1194 560 1252 dorici
581 1195 695 1254 inserto
718 1194 854 1253 aedificio
876 1195 966 1253 medii
989 1196 1056 1253 aeri
1078 1214 1115 1253 ea
1135 1203 1294 1253 narrantur
1316 1213 1395 1270 quas
1420 1193 1599 1270 transcripsi
1620 1192 1661 1249 ad

331 1315 359 1353 n.
378 1297 447 1368 151,
483 1297 613 1372 itemque
635 1297 742 1373 quibus
776 1297 853 1355 infra
886 1314 959 1355 usus
994 1315 1060 1356 sum
1083 1298 1119 1356 de
1141 1296 1288 1357 columnis
1309 1295 1488 1371 quibusdam
1511 1294 1550 1353 ad
1571 1295 1661 1354 basin

330 1392 520 1455 ‘Domitiani'
541 1398 681 1458 inventis.

414 1499 482 1558 Hoo
504 1518 622 1576 quoque
644 1500 803 1560 dolendum
825 1501 905 1577 quod
927 1502 963 1559 de
985 1509 1082 1560 aetate
1104 1512 1194 1578 atque
1227 1520 1284 1560 usu
1310 1521 1413 1560 eorum
1446 1499 1661 1571 aedificiorum,

332 1620 408 1677 quae
431 1601 492 1660 sere
514 1602 544 1660 in
565 1603 651 1661 Attis
674 1607 750 1660 muri
767 1606 897 1679 posteri,
930 1608 1001 1662 torri
1031 1603 1207 1673 medioeoali,
1241 1603 1379 1663 similiter
1405 1611 1550 1661 vocantur
1582 1621 1661 1661 nunc

332 1705 495 1779 quaerendi
522 1705 647 1762 materia
672 1724 739 1763 oum
767 1706 841 1780 ipsis
870 1715 974 1782 erepta
994 1716 1053 1764 est:
1088 1705 1196 1764 etenim
1223 1724 1281 1781 quo
1315 1715 1449 1782 tempore
1480 1705 1560 1763 taeta
1592 1712 1664 1763 sunt

333 1827 368 1865 eo
383 1815 508 1884 apparet
525 1807 619 1866 fuisse
641 1808 758 1883 inte-gra
772 1826 910 1884 magnam
926 1816 1040 1883 partem
1057 1817 1315 1867 monumentorum
1333 1808 1533 1883 antiquorum,
1549 1806 1662 1883 quippe

332 1926 459 1983 quorum
486 1909 623 1968 frustulis
652 1917 824 1968 constructa
850 1910 920 1968 sint.
961 1910 1083 1968 fuerunt
1103 1919 1201 1969 autem
1224 1910 1282 1968 tria
1303 1909 1493 1985 potissimum
1515 1907 1661 1978 aedificia,

333 2029 411 2086 quae
433 2030 512 2070 nuno
533 2030 600 2070 curn
621 2013 754 2071 maximo
776 2012 881 2069 horum
904 2011 1071 2070 studiorum
1094 2011 1270 2070 detrimento
1291 2011 1443 2071 destructa
1465 2017 1544 2083 sunt,
1568 2029 1661 2069 unum

333 2113 519 2172 adstructam
544 2113 610 2171 basi
639 2117 753 2189 primae
779 2113 931 2172 lateritiae
954 2135 970 2172 e
992 2114 1113 2190 regione
1135 2114 1201 2172 vieo
1223 2113 1325 2172 Tusco
1347 2132 1434 2190 quem
1457 2113 1558 2172 dieunt
1580 2113 1663 2189 posi·

333 2224 382 2272 tae
404 2214 446 2289 (v.
470 2214 545 2291 Syll.
572 2215 754 2273 164-168
778 2224 808 2274 et
829 2234 854 2274 c.
876 2215 892 2272 I
914 2216 952 2273 ad
975 2236 1001 2273 a.
1027 2215 1191 2291 1870171),
1224 2215 1306 2274 aliud
1338 2215 1517 2274 immoliturn
1550 2215 1662 2290 pluteis

335 2317 511 2376 marmoreis
535 2317 575 2392 (v.
598 2319 638 2376 ib.
662 2317 698 2374 ad
722 2336 748 2375 a.
773 2315 877 2392 1872),
900 2318 1018 2375 tertium
1041 2317 1171 2376 vicinum
1194 2316 1349 2377 columnae
1363 2317 1465 2377 Focae
1488 2315 1577 2393 (Syll.
1603 2316 1659 2375 151

336 2437 428 2495 supra
449 2440 473 2477 o.
497 2419 511 2476 I
535 2438 562 2476 a.
588 2418 751 2496 1870l71):
775 2429 912 2495 quartum
936 2432 1020 2479 extat
1041 2439 1056 2477 e
1079 2419 1200 2495 regione
1221 2420 1355 2495 porticus
1377 2418 1481 2494 templi
1500 2417 1664 2477 Faustinae

336 2523 507 2598 contiguum
530 2521 596 2580 aedi
618 2521 678 2580 divi
694 2522 772 2580 Iulii.
815 2523 921 2581 horum
938 2499 1149 2593 aedificiorum,
1171 2539 1299 2597 quorum
1321 2522 1450 2597 primum
1472 2530 1502 2580 et
1523 2530 1663 2598 quartum

337 2623 407 2693 vidi,
430 2624 553 2684 alterius
576 2624 737 2701 imaginem
768 2625 1009 2701 photographam
1041 2633 1148 2683 nactus
1182 2641 1260 2695 sum,
1292 2633 1453 2701 propterea
1484 2623 1663 2681 mentionem

335 2725 423 2785 inieci
446 2727 527 2802 quod
549 2727 587 2784 ad
621 2726 880 2802 redintegrandam
914 2727 1029 2802 aliquot
1049 2736 1182 2784 veterum
1207 2734 1462 2784 monumentorum
1489 2725 1663 2783 memoriam

337 2846 426 2903 quam
450 2829 579 2888 maxime
600 2829 757 2906 pertinent.
791 2848 826 2887 ao
847 2829 975 2905 primum
996 2828 1117 2904 quidem
1143 2828 1273 2886 breviter
1294 2828 1390 2886 dicam
1414 2826 1451 2884 de
1472 2826 1593 2902 regione
1615 2846 1663 2884 ro-

337 2939 465 2990 strorum
498 2939 529 2990 et
560 2950 648 2990 arcus
671 2930 774 2992 Severi
795 2932 837 3007 (v.
862 2931 922 2990 tab.
945 2940 1065 2989 nostrae
1097 2930 1147 3008 fig.
1171 2929 1218 3004 2):
1252 2930 1388 3006 aoapite
1421 2928 1499 2988 enim
1527 2930 1585 2987 fori
1614 2948 1661 2986 or·

337 3034 485 3094 diendum.

423 3136 507 3195 Duas
529 3155 578 3195 res
610 3135 641 3192 in
673 3143 756 3195 tanta
778 3146 1034 3195 monumentorum
1067 3136 1126 3194 fori
1158 3135 1245 3194 ruina
1275 3133 1511 3212 fragminnmque
1532 3133 1664 3192 omnium

339 3239 528 3315 dispersione
550 3245 598 3297 sat
620 3239 711 3297 miras
733 3256 799 3297 esse
820 3238 947 3297 dixeris:
970 3240 1099 3317 primum
1122 3237 1203 3314 quod
1224 3237 1302 3295 inter
1323 3254 1423 3295 areum
1439 3232 1544 3295 Severi
1565 3246 1594 3294 et
1615 3253 1664 3293 eo-

338 3342 470 3401 lumnam
493 3340 592 3399 Focae
625 3341 730 3417 ingens
762 3359 834 3416 prae
857 3340 925 3398 aliis
958 3340 1035 3398 loeis
1062 3340 1244 3416 integrorum
1266 3339 1421 3415 cipporum
1443 3336 1560 3396 basium
1582 3336 1665 3396 simi·

338 3443 469 3520 liumque
491 3452 746 3502 monumentorum
769 3442 925 3500 multitudo
948 3451 1138 3502 acoumutata
1160 3443 1201 3501 sit
1221 3440 1262 3516 (v.
1281 3439 1357 3517 Syll.
1377 3438 1550 3497 109-111.
1576 3440 1665 3497 Illo.

342 3546 409 3603 113.
436 3545 617 3603 114-118.
644 3544 710 3602 119.
737 3543 916 3602 lul—124.
943 3544 1010 3604 126.
1037 3543 1227 3603 tto—133?
1252 3541 1424 3601 140-143
1455 3559 1516 3599 non
1537 3541 1627 3616 longe
1648 3560 1668 3600 a

339 3647 477 3704 columna
509 3663 612 3704 versus
647 3643 678 3705 S.
711 3645 897 3705 Hadrianum
933 3647 989 3705 157
1004 3679 1041 3689 -
1058 3647 1141 3721 163),
1174 3643 1280 3704 deinde
1312 3643 1393 3720 qnod
1425 3642 1534 3719 exiguo
1567 3662 1585 3700 a
1616 3661 1667 3700 oo·

339 3748 443 3806 lumna
474 3748 571 3823 spatio
605 3747 751 3822 dirempta
783 3749 885 3826 plutea
916 3748 970 3806 illa
1001 3747 1181 3826 anaglyphis
1214 3755 1321 3805 ornata
1351 3745 1473 3804 inventa
1505 3745 1575 3814 siut,
1608 3744 1667 3802 hoo

340 3851 482 3908 astartis
504 3857 727 3908 monumentum
750 3851 829 3926 quod
850 3869 945 3927 paene
968 3851 1115 3926 iutegrum
1137 3850 1175 3908 ad
1196 3866 1252 3907 nos
1274 3848 1444 3925 pervenerit
1461 3846 1498 3904 de
1520 3846 1667 3906 sescentis

340 3953 436 4011 solum
460 3963 549 4028 atque
571 3950 717 4010 eiusmodi
740 3953 859 4028 quidem
881 3961 1104 4012 monumentum
1126 3951 1206 4028 quod
1238 3957 1344 4025 suapte
1370 3958 1479 4008 natura
1508 3947 1667 4023 inprimis

339 4056 475 4115 videatur
496 4063 598 4130 aptum
621 4053 658 4110 ad
680 4054 920 4113 subvertendum.
964 4055 1039 4114 haec
1060 4052 1231 4130 anaglypha
1252 4053 1284 4110 in
1298 4051 1422 4110 basibus
1437 4050 1571 4126 antiquis
1593 4050 1668 4121 suis,

341 4176 400 4216 non
423 4157 520 4215 medio
543 4173 617 4214 aevo
638 4154 737 4225 foetis,
759 4155 878 4214 stetisse
900 4156 994 4215 donea
1014 4156 1136 4215 insertis
1152 4154 1327 4213 marmoreis
1349 4152 1483 4212 trabibus
1506 4170 1543 4209 ea
1557 4151 1667 4210 Petrus

339 4259 424 4318 Rosa
446 4257 620 4335 angustiora
641 4255 735 4314 videri
757 4256 861 4326 voluit,
894 4264 923 4314 et
944 4256 1017 4316 olim
1038 4257 1110 4315 milri
1132 4273 1311 4334 persuasum
1342 4254 1400 4312 fuit
1421 4262 1451 4313 et
1482 4272 1561 4313 nuno
1586 4263 1669 4330 post·

340 4379 429 4436 quam
452 4360 510 4418 hoo
531 4377 610 4416 anno
635 4357 714 4417 1876
737 4357 769 4415 in
790 4378 822 4416 re
844 4359 993 4434 praesenti
1008 4359 1212 4434 quaestionem
1234 4356 1403 4430 retractavi,
1425 4375 1515 4434 quam
1537 4356 1668 4414 maxime

340 4474 389 4522 est
409 4478 596 4538 persuasum.
640 4459 763 4519 alterius
796 4461 891 4536 plutei
921 4479 992 4536 pars
1014 4460 1160 4534 quaedam
1193 4460 1302 4535 exigua
1328 4458 1436 4518 avulsa
1456 4457 1553 4516 adhue
1585 4457 1669 4529 latet,

340 4564 398 4623 nisi
420 4573 518 4622 tamen
541 4562 662 4621 saeculo
683 4561 743 4619 XV
770 4570 905 4620 extracta
937 4561 1069 4637 perierit,
1101 4561 1226 4620 alteram
1260 4560 1448 4637 particulam,
1481 4577 1558 4634 quae
1590 4577 1670 4618 nune

341 4675 532 4723 monumento
555 4665 693 4722 restituta
723 4670 780 4735 est,
813 4664 958 4722 iacentem
992 4663 1051 4721 vidi
1074 4682 1167 4740 prope
1189 4663 1357 4721 columnam
1388 4680 1415 4719 a.
1443 4659 1535 4719 1872:
1569 4669 1670 4719 cetera

342 4774 446 4825 extant
468 4784 522 4825 suo
545 4766 611 4824 loeo
627 4765 823 4841 videnturque
845 4784 898 4841 per
918 4763 1040 4840 aliquod
1061 4773 1179 4841 tempus
1194 4766 1312 4824 obieeta
1332 4764 1426 4822 fnisse
1446 4762 1583 4822 ludibriis
1605 4764 1669 4821 sive

342 4869 536 4928 barbarorum
559 4867 621 4925 sive
642 4867 872 4926 christianorum
893 4867 1057 4939 hominum,
1080 4867 1131 4941 qui
1153 4867 1250 4943 capita
1263 4866 1395 4924 maxime
1417 4864 1594 4942 effigiesque
1615 4863 1670 4922 im·

420 5086 444 5151 ¹)
481 5088 692 5154 Photograpbum
712 5094 859 5158 exemplum
877 5093 1013 5157 repetitum
1032 5100 1071 5142 ast
1089 5092 1116 5142 iu
1136 5090 1203 5140 libro
1220 5091 1326 5141 Parlreri
1346 5090 1404 5142 'Ibe
1422 5090 1508 5140 forum
1521 5089 1668 5142 Romanum

343 5190 362 5232 t.
381 5181 475 5233 XVIII
493 5190 552 5246 post
571 5181 716 5233 absolutum
736 5184 804 5235 hune
823 5185 1036 5236 commentarium
1054 5184 1087 5234 ad
1107 5199 1149 5234 me
1168 5182 1264 5233 adlato.
