3510 5812
642 503 828 553 russmmn
856 503 1143 554 ensnmronma.
1483 484 1551 553 163

443 602 568 610 ...--——..·
574 604 589 610 -.
602 604 759 612 ---
1094 606 1160 613 -—-

223 672 372 750 oblougae
388 674 495 731 solitae
510 692 575 732 eum
593 692 667 733 ansa
683 677 812 733 rotunda
827 676 1006 751 circulisque
1022 683 1128 734 ornata
1146 677 1184 733 ad
1203 694 1288 734 rosae
1305 675 1435 747 modum,
1458 695 1553 751 neque

226 793 307 846 vero,
330 785 363 832 ut
385 776 511 848 videtur,
534 776 685 852 perforata
708 777 874 851 (deferrem
894 780 925 834 cli
946 779 1103 853 rettauqolo
1119 782 1267 835 terminato
1290 781 1319 834 in
1342 797 1379 834 un
1402 780 1480 835 diseo
1502 796 1552 835 coa

224 885 330 934 rosetta
352 897 371 935 a
394 877 464 936 linea
485 879 702 954 roucestricle);
729 878 821 954 longa
842 889 889 936 est
911 899 949 937 m.
966 879 994 937 0.
1012 880 1039 951 5,
1063 879 1124 937 alta
1146 880 1220 951 0.1,
1243 896 1347 937 crassa
1368 880 1397 936 0.
1413 879 1462 938 05.
1507 879 1553 935 ln-

223 976 336 1055 scripta
356 988 412 1051 est,
435 987 467 1037 ut
488 1000 516 1037 n.
535 978 562 1050 2,
590 1000 608 1036 a
630 980 747 1039 duobus
771 990 884 1038 tantum
907 982 1065 1052 lateribus;
1093 982 1187 1038 latera
1214 982 1329 1058 reliqua
1359 982 1417 1038 duo
1447 992 1553 1039 ornata

222 1088 294 1136 sunt
320 1080 446 1139 alterum
474 1082 602 1139 caduceo
630 1101 722 1157 supra
748 1082 916 1154 tridentem,
945 1084 1070 1141 alterum
1102 1102 1211 1141 corona
1234 1102 1326 1159 supra
1347 1084 1490 1159 palmam3
1521 1092 1552 1138 ut

222 1180 270 1237 bic
292 1182 429 1241 similiter
449 1194 537 1259 atque
558 1184 589 1241 in
611 1183 675 1242 ni
699 1184 853 1242 tridentem
871 1184 908 1241 ad
925 1186 1075 1243 retiarium
1092 1186 1201 1243 referre
1217 1204 1343 1260 pronum
1360 1186 1408 1242 sit.
1452 1184 1552 1242 Verba

221 1294 320 1341 autem
343 1284 420 1343 tituli
444 1286 518 1344 haee
540 1292 619 1344 sunt.

304 1490 333 1545 4.
707 1507 797 1548 asuri
813 1519 820 1533 ·
837 1506 950 1550 Paconi
967 1522 973 1536 ·
990 1509 1008 1548 τ
1025 1523 1031 1535 ·
1048 1507 1063 1550 s

760 1608 1006 1652 srecrsvrr

303 1793 386 1852 lnira
408 1794 439 1853 in
461 1796 527 1854 basi
550 1804 681 1854 tesserae
704 1798 873 1874 scariphata
897 1805 944 1856 est
965 1798 1064 1856 littera
1086 1798 1248 1874 singularis

873 2019 887 2061 S

298 2205 335 2264 Id
357 2215 402 2265 est
425 2205 572 2281 Genti(us)
595 2207 705 2266 Paeoni
726 2206 809 2282 utu)
832 2206 960 2282 s(ereus)
983 2211 1130 2281 spectarit.
1175 2206 1255 2281 Quid
1279 2223 1294 2265 s
1317 2208 1370 2265 illa
1392 2216 1478 2265 extra
1500 2227 1546 2266 or·

215 2306 314 2365 dinem
337 2307 415 2366 tituli
438 2308 541 2367 addita
567 2309 714 2384 significet
739 2328 824 2366 nemo
846 2309 936 2366 facile
958 2308 1150 2379 divinaverit3
1178 2308 1238 2366 diei
1260 2318 1340 2380 nota,
1363 2310 1447 2367 utin
1471 2327 1492 2366 Ν
1509 2326 1546 2369 ·s

213 2418 346 2468 tesserae
364 2410 508 2482 Protemi,
532 2429 591 2468 non
614 2411 731 2469 videtur
752 2410 953 2485 intellegenda
974 2427 1050 2467 esse.
1094 2410 1142 2467 De
1164 2409 1329 2468 litterarum
1352 2411 1449 2468 forma
1472 2412 1546 2470 nihil

215 2511 388 2582 adnotatum
417 2512 536 2570 servilis
566 2512 750 2570 condicionis
779 2511 929 2582 indicatio,
956 2511 1026 2569 item
1052 2510 1137 2569 Genti
1164 2512 1365 2570 nominativus
1392 2532 1453 2570 non
1478 2532 1545 2589 per-

213 2612 342 2689 scriptus
366 2613 402 2672 ad
425 2614 539 2673 liberae
562 2614 602 2671 rei
626 2614 764 2689 publieae
787 2631 872 2671 usum
895 2622 1041 2689 spectant.
1080 2612 1206 2671 Gentius
1230 2613 1336 2671 servile
1357 2632 1463 2671 nomen
1486 2615 1543 2670 ori·

213 2713 292 2790 ginis
313 2713 454 2791 Illyricae
482 2725 584 2773 notum
607 2723 653 2773 est
679 2715 783 2773 amicis
810 2733 913 2772 musae
935 2714 1119 2785 Lucilianae,
1143 2715 1275 2772 Paeonia
1304 2733 1377 2791 gens
1399 2734 1437 2772 ex
1461 2713 1544 2773 Cice-

213 2816 296 2874 ronis
319 2816 484 2876 Miloniana
511 2829 601 2895 atque
623 2836 661 2874 ex
689 2817 783 2875 titulis
806 2835 864 2875 non
892 2815 993 2887 nullis,
1016 2833 1141 2891 quorum
1165 2836 1254 2874 unum
1278 2825 1427 2875 vetustum
1444 2816 1544 2877 Setiae

213 2925 362 2994 repertum
385 2917 435 2994 (C.
452 2919 477 2977 I.
492 2919 528 2977 L.
552 2919 677 2995 11159)
699 2920 854 2977 nominare
875 2917 1011 2976 sufficiat.

295 3019 344 3079 De
365 3029 497 3079 tesserae
513 3021 743 3096 Tarquiniensis
759 3028 906 3080 vetustate
921 3037 1008 3078 nemo
1031 3019 1192 3092 dubitabit3
1215 3020 1414 3091 Arelatensis,
1437 3021 1543 3097 inqua

212 3133 323 3199 spectat
335 3123 513 3181 vocabulum
537 3124 607 3181 item
622 3123 740 3181 videtur
761 3123 960 3200 perscriptum
976 3140 1052 3191 esse,
1076 3121 1113 3178 ad
1129 3131 1279 3197 quattuor,
1302 3139 1376 3197 quas
1399 3121 1448 3181 bie
1463 3140 1541 3180 cenr-

211 3224 310 3299 posui,
337 3224 460 3283 aceedit.
505 3222 585 3297 Quid
612 3233 766 3301 spectasse
793 3224 840 3282 vel
868 3235 1003 3300 spectare
1025 3222 1083 3282 diei
1110 3224 1241 3300 potuerit
1264 3241 1370 3282 servus
1393 3224 1542 3299 gladiator

211 3325 323 3402 aliquis
346 3335 427 3386 certo
443 3327 571 3401 quodam
595 3326 643 3385 die
665 3327 736 3384 anni
753 3327 823 3384 certi
847 3326 944 3383 adhuc
959 3342 1015 3384 nos
1031 3324 1119 3394 latet3
1141 3325 1173 3381 in
1188 3326 1312 3384 tesseris
1330 3343 1400 3383 vero
1415 3325 1541 3401 reliquis

210 3428 360 3500 omnibus,
386 3427 417 3484 in
440 3427 548 3503 quibus
571 3447 605 3504 sp
629 3428 674 3487 vel
697 3447 747 3503 spe
768 3438 820 3487 aut
840 3437 917 3504 apest
938 3427 1058 3503 legitur,
1085 3426 1158 3484 nihil
1182 3425 1264 3484 aliud
1287 3426 1411 3485 indicari
1433 3428 1540 3504 proba·

209 3527 271 3587 bile
293 3538 348 3588 est.

293 3631 329 3689 In
351 3637 479 3691 mentem
503 3632 584 3689 venit
598 3632 784 3691 Mommseno
808 3632 954 3707 (mihique
971 3631 1067 3689 visum
1090 3641 1136 3689 est
1158 3630 1279 3706 probari
1302 3629 1404 3707 posse)
1427 3630 1541 3706 gladia-

208 3742 290 3792 tores
311 3734 385 3792 rude
407 3734 535 3792 donatos
557 3735 685 3792 fortasse
708 3734 865 3792 transiisse
887 3753 924 3791 ex
948 3751 1039 3791 arena
1061 3733 1091 3789 in
1113 3750 1233 3789 caveam
1258 3730 1472 3807 spectandique
1493 3732 1539 3789 ius

208 3833 333 3911 adeptos
354 3852 422 3894 esse
444 3836 495 3906 ibi,
520 3836 568 3894 ubi
591 3846 679 3893 antea
701 3835 918 3910 spectabantur.
962 3835 1037 3891 Eius
1060 3833 1132 3890 iuris
1154 3833 1270 3890 initium
1286 3833 1447 3890 memoriae
1462 3833 1539 3890 tradi

207 3935 305 4011 potuit
326 3936 418 3995 veluti
440 3938 566 3995 honesta
587 3937 692 3995 missio
715 3937 860 4012 quaedam
883 3936 913 3992 in
941 3935 1065 3993 tesseris
1091 3933 1287 4010 gladiatoriis.
1331 3933 1452 3990 Horatii
1475 3952 1538 3990 ver-

208 4052 262 4095 sus
285 4054 357 4095 sane
379 4055 439 4098 non
462 4039 562 4096 obstat
583 4038 652 4096 huie
674 4038 816 4115 opinioni.

1244 4137 1325 4194 Anu.
1350 4135 1494 4193 Hiauaa.
