3510 5812
649 527 724 576 unx
752 525 831 576 con.
861 526 1089 577 aauamvua.
1465 506 1533 574 101

206 700 245 758 ad
272 719 398 758 munera
430 700 550 778 publica
583 700 684 758 omnia
716 701 882 776 pervenire,
916 699 1052 775 quamvis
1084 699 1259 775 plerumque
1292 697 1387 755 solius
1414 698 1541 756 militiae

207 802 319 867 mentio
345 804 398 861 fiat
425 811 528 878 utpote
551 804 681 861 omnium
708 822 863 861 munerum
886 801 1068 879 gravissimi.
1118 799 1262 860 Similiter
1289 799 1395 858 Cicero
1423 818 1541 877 quoque

208 902 306 979 (acad.
329 925 374 982 pr.
391 903 420 976 2,
437 905 487 976 38,
505 904 579 981 121)
608 907 767 964 sacerdotes
793 907 907 969 deomuu
934 905 976 962 ait
1002 905 1177 963 arcuationem
1198 903 1299 962 habere
1329 903 1467 960 arriverse
1490 901 1540 975 (cf.

208 1006 386 1083 Marquardt
418 1008 528 1066 enchir.
552 1009 581 1080 4,
601 1008 687 1083 171);
720 1008 900 1084 explicatius
928 1006 1097 1082 Dionysius
1130 1024 1238 1063 vacare
1271 1005 1414 1063 duoviros
1448 1004 1542 1062 sacris

210 1108 358 1167 faciundis
386 1111 539 1193 στρατειῶν
569 1099 618 1166 aui
644 1111 698 1166 τῶν
725 1097 820 1166 ἄλλων
847 1111 901 1166 τῶν
927 1103 1003 1164 κατὰ
1024 1103 1073 1178 τὴν
1095 1098 1175 1165 πέλα
1197 1109 1396 1189 πραγματειῶν
1418 1106 1461 1180 (4,
1479 1105 1542 1180 62),

209 1228 310 1286 regem
334 1228 486 1270 sacrorum
510 1201 626 1279 ῶπῶοης
648 1205 825 1294 λειτουργίας
845 1212 998 1278 πολεμικῆς
1019 1199 1067 1267 aui
1088 1212 1233 1281 πολιτικῆς
1256 1209 1299 1286 (5,
1318 1210 1349 1280 I;
1372 1209 1410 1267 ci.
1427 1209 1456 1279 4,
1472 1208 1541 1282 74);

211 1311 290 1370 idem
313 1311 342 1383 2,
358 1311 394 1371 21
421 1314 456 1371 de
480 1314 651 1374 curiouibas
685 1314 803 1373 scribit:
840 1307 888 1370 circi
916 1309 1022 1373 παντός
1046 1313 1100 1368 aaa*
1120 1305 1189 1377 βιόυ
1223 1314 1374 1396 στρατειῶν
1396 1298 1445 1379 μὲν
1471 1305 1543 1366 ciao-

209 1405 380 1477 λελυμένους
415 1407 463 1472 διῶ
489 1411 539 1486 τῶν
564 1409 689 1487 ἧλιιιιάν,
720 1419 776 1473 τῶν
808 1404 837 1472 δὲ
873 1408 950 1472 κατα
975 1408 1024 1485 τὴν
1053 1405 1134 1472 πο’λιν
1156 1410 1291 1497 ὂχληρῶν
1313 1408 1361 1472 διὰ
1384 1409 1431 1471 τῶν
1454 1403 1543 1480 νόμον.

213 1511 350 1588 Quodsi
374 1519 506 1593 quaeris,
529 1538 676 1595 quaenam
703 1538 738 1576 ea
765 1538 888 1576 munera
914 1519 984 1589 siut,
1012 1525 1091 1576 certe
1117 1538 1153 1576 eo
1175 1518 1327 1593 pertinent
1347 1536 1422 1593 quae
1445 1523 1545 1592 poste·

211 1617 293 1676 riore
325 1628 458 1697 tempore
491 1621 664 1698 personalia
691 1621 838 1690 dicuutur,
872 1620 969 1695 quails
992 1630 1038 1678 est
1066 1639 1136 1679 cura
1162 1620 1297 1679 fanorum
1326 1619 1401 1695 legis
1425 1628 1545 1677 nostrae

214 1738 239 1778 ο.
259 1718 317 1779 128
340 1723 472 1797 provisa,
494 1723 564 1782 item
588 1742 695 1782 munus
718 1723 878 1793 iudicandi,
903 1741 1082 1798 quamquam
1106 1722 1267 1798 aliquando
1289 1722 1369 1798 apud
1390 1716 1545 1779 Romanos

211 1822 374 1881 iudicatum
402 1833 448 1883 est
480 1831 654 1899 uacationem
681 1844 818 1899 ouprrres,
852 1846 906 1900 qao
933 1829 1025 1884 suiuus
1052 1826 1167 1883 iudiciis
1195 1844 1311 1902 operam
1338 1825 1457 1903 darent,
1490 1843 1546 1882 uon

212 1923 315 1983 Iabere
337 1923 458 2001 (Cicero
482 1928 564 1986 Brut.
589 1930 639 1999 31,
658 1927 739 2001 117).
784 1927 924 2002 Denique
945 1928 1076 1986 honores
1099 1936 1222 1986 eatenus
1249 1928 1422 1986 muneribus
1445 1926 1546 2001 aequi-

211 2027 414 2101 parabuntur,
451 2039 598 2106 quatenus
625 2031 676 2106 qui
707 2038 824 2089 creatus
851 2040 898 2088 est
924 2048 975 2088 eos
1003 2030 1156 2108 suscipere
1183 2030 1315 2108 cogitur3
1349 2030 1429 2107 quod
1461 2029 1545 2087 utin

213 2128 288 2186 urbe
310 2128 408 2189 Roma
429 2142 544 2191 mature
567 2133 631 2190 lieri
654 2133 743 2191 desiit
764 2132 957 2207 (Staotsreolrt
982 2130 1021 2203 1²,
1038 2132 1123 2208 474),
1152 2133 1194 2190 ita
1220 2132 1250 2189 in
1272 2131 1444 2208 municipiis
1468 2132 1546 2190 eolo-

212 2230 330 2307 niisque
352 2235 506 2308 probabile
528 2244 576 2293 est
597 2253 714 2311 semper
737 2235 914 2293 obtinuisse.
957 2235 1003 2293 Ea
1025 2245 1122 2294 autem
1146 2253 1278 2306 munera,
1305 2252 1381 2309 quae
1404 2234 1546 2309 patrimo·

213 2332 332 2391 nicrum
353 2336 448 2412 megla
471 2349 541 2395 srrnt
555 2357 644 2413 quam
664 2338 843 2413 personalia,
866 2357 936 2395 nam
960 2337 1015 2395 hac
1034 2336 1243 2413 antiquissima
1266 2336 1452 2394 immunitate
1467 2355 1545 2393 com·

214 2436 364 2510 prehensa
385 2438 495 2497 fuerint
516 2440 541 2498 si
565 2441 699 2515 quaeris,
728 2440 910 2514 respondent.
931 2440 1054 2497 annales
1077 2437 1157 2496 Livii
1178 2439 1234 2509 33,
1254 2437 1309 2494 42:
1332 2458 1465 2513 resupnum
1486 2456 1545 2495 cer·

215 2548 307 2597 ιοιαοα
329 2558 390 2598 eum
412 2542 539 2599 omuibus
561 2543 755 2600 sacerdotibus
778 2563 809 2600 eo
832 2561 907 2600 cauo
923 2545 986 2617 fuit
1006 2541 1205 2616 quaestoribus
1227 2540 1345 2597 urbanis
1362 2585 1369 2598 .
1386 2582 1393 2598 .
1410 2583 1417 2597 .
1434 2583 1440 2596 .
1458 2559 1545 2615 quoe·

215 2649 304 2699 storea
330 2642 367 2699 ab
394 2646 552 2719 suparibus
574 2647 809 2721 pontificibusque
836 2646 915 2720 quod
940 2645 1109 2719 stipendium
1128 2642 1307 2719 puricellum
1332 2662 1387 2699 nou
1410 2642 1546 2700 eontulis-

216 2752 279 2800 sent
296 2746 431 2818 petebant
451 2747 487 2803 ab
509 2746 721 2806 sacerdotibus:
743 2749 849 2804 tribuni
870 2747 1011 2821 appellati
1033 2749 1209 2821 omniumque
1232 2764 1379 2816 octaorum,
1399 2763 1455 2819 per
1476 2762 1546 2819 qum

214 2847 440 2920 emacularetur,
463 2859 589 2907 eoactum
612 2861 660 2907 eat.
705 2853 819 2924 Aperte
848 2849 1019 2907 secerdotes
1047 2858 1232 2924 negaverunt
1258 2865 1291 2905 se
1319 2847 1430 2905 tributo
1453 2846 1545 2904 teneri

215 2956 338 3023 propter
360 2950 574 3009 immunitatem
607 2953 672 3027 Iege
705 2952 763 3010 sibi
795 2970 979 3024 concessam,
1014 2950 1065 3008 sed
1099 2969 1157 3008 non
1184 2949 1384 3020 obtinuerunt,
1418 2967 1483 3006 cum
1512 2967 1548 3005 ea

216 3050 395 3108 contributio
419 3053 460 3109 rei
484 3054 580 3129 magis
603 3072 691 3129 quam
715 3072 860 3129 personae
883 3071 949 3112 esso
972 3053 1130 3111 videretur.

301 3151 406 3229 Neque
433 3156 621 3233 apparitores
649 3157 836 3215 sacerdotum
867 3156 952 3214 liberi
980 3156 1117 3213 homines
1151 3173 1245 3230 neque
1274 3153 1385 3231 publici
1415 3152 1548 3211 attributi

218 3254 264 3311 eia
287 3255 316 3312 in
338 3256 405 3332 lege
428 3258 630 3329 nominantur,
653 3259 848 3334 videnturque
872 3257 945 3315 adeo
968 3258 1042 3316 nulli
1066 3257 1140 3315 tales
1161 3259 1192 3315 in
1214 3256 1332 3315 colonia
1355 3256 1459 3327 fuisse,
1482 3273 1549 3312 eum

217 3355 304 3415 aliter
324 3358 377 3416 vix
400 3360 557 3434 praeteriri
578 3360 737 3436 potuerint.

301 3460 348 3518 Dc
373 3465 526 3538 auaprieiia,
554 3461 603 3519 lex
633 3463 675 3520 ait
703 3461 742 3537 (c.
760 3463 798 3520 66
821 3482 849 3538 p.
870 3463 917 3533 11,
935 3462 977 3537 3),
1010 3480 1136 3538 quaeque
1163 3463 1203 3520 ool
1228 3481 1276 3519 eos
1302 3481 1346 3519 res
1370 3460 1550 3536 pertinebunt
1564 3460 1690 3510 radicatio

219 3579 361 3637 cuparum
386 3566 459 3623 luris
485 3565 572 3623 dr'ctio
599 3566 734 3623 iudicatio
763 3574 829 3622 esto.
873 3564 908 3621 Id
930 3565 1029 3639 ipsum
1052 3562 1158 3623 Cicero
1181 3564 1232 3639 (de
1254 3565 1310 3640 leg.
1335 3561 1364 3635 2,
1381 3562 1409 3633 8,
1425 3561 1479 3637 21)
1507 3557 1689 3619 ita³¹¹8¹¹i¹¹¹¹¹

218 3667 365 3721 enuntiat:
390 3665 546 3742 (augures)
577 3671 626 3741 qui
653 3677 737 3742 aperit
755 3666 824 3723 'reru
851 3666 939 3724 duelli
959 3671 1063 3743 quaque
1081 3669 1262 3742 popularem,
1286 3669 1446 3740 auspicium
1463 3683 1549 3740 pree-

217 3775 344 3824 moncuto
373 3767 478 3844 olinae
510 3769 719 3843 obtemperanto
736 3813 742 3826 .
759 3810 766 3824 .
784 3812 790 3826 .
807 3786 934 3843 quaeqae
961 3788 1054 3844 arspur
1079 3772 1187 3826 iniusta
1213 3771 1327 3842 nefasta
1352 3770 1456 3825 uitiosa
1483 3768 1551 3823 dira

219 3868 347 3938 demerit,
372 3872 462 3927 iar-ita
488 3872 646 3946 infectaque
675 3881 766 3941 aurato,
793 3873 897 3946 quaque
922 3889 979 3927 uou
997 3874 1132 3946 paruerit
1153 3871 1262 3945 caprile!
1283 3881 1350 3941 esto,
1379 3870 1494 3928 cautius
1522 3878 1551 3924 et

218 3969 397 4045 prudentius
426 3971 476 4028 ille
503 3992 592 4048 (paam
619 3973 670 4030 lex
698 3972 847 4041 coloniae3
881 3991 948 4029 uam
978 3972 1098 4047 proprie
1130 3989 1258 4047 augures
1292 3990 1345 4029 nee
1374 3972 1420 4030 ius
1450 3971 1552 4028 dicunt

219 4089 317 4147 neque
338 4072 480 4145 iudicant,
503 4074 556 4132 sed
571 4075 698 4133 consulti
713 4075 884 4132 decernunt.
922 4071 1037 4131 Contra
1058 4075 1135 4132 euim
1159 4074 1183 4131 si
1206 4073 1256 4149 qui
1278 4073 1413 4144 iecerint,
1436 4081 1549 4130 tautum

219 4173 316 4244 abest,
337 4181 371 4231 ut
385 4193 531 4252 augurum
554 4176 595 4233 sit
615 4196 678 4234 renr
694 4176 800 4252 exequi
820 4194 1005 4252 poenamque
1027 4186 1171 4251 repetere,
1195 4184 1226 4234 ut
1247 4176 1276 4232 id
1299 4193 1416 4249 semper
1439 4182 1552 4249 spectet

220 4274 258 4333 ad
279 4275 472 4352 magistratus
494 4276 546 4352 (cl.
563 4277 741 4337 Staotsrcclrt
757 4278 784 4349 2,
802 4278 862 4336 290
888 4298 916 4335 n.
933 4278 976 4352 2).
1020 4280 1063 4336 At
1084 4278 1309 4355 magistratibus
1332 4295 1397 4334 cum
1420 4277 1450 4332 iu
1473 4277 1551 4332 eius·

220 4376 302 4435 modi
323 4397 356 4436 re
378 4378 442 4436 iure
463 4380 628 4455 auguribus
650 4380 914 4458 obtemperandum
937 4390 1027 4451 esset,
1055 4400 1112 4437 non
1136 4382 1200 4438 sine
1222 4398 1314 4439 causa
1339 4379 1399 4453 ipsi
1422 4395 1550 4456 augures

220 4477 264 4537 ita
284 4497 346 4538 rem
362 4480 538 4540 videbantur
559 4483 756 4555 iudicavisse3
779 4484 868 4560 plane
891 4491 921 4540 ut
943 4483 974 4540 in
989 4482 1089 4540 causis
1112 4482 1238 4559 privatis
1261 4481 1381 4557 proprIe
1403 4481 1552 4556 praetorIs

220 4579 362 4639 iudicium
384 4593 431 4641 est
453 4600 628 4661 summoque
650 4587 713 4644 iure
736 4585 821 4644 solus
843 4585 869 4642 is
891 4603 1047 4642 causarum
1069 4585 1159 4643 iudex
1183 4585 1317 4653 habetur,
1340 4583 1391 4641 sod
1408 4602 1474 4640 eum
1495 4583 1552 4658 pri·

221 4692 323 4742 vatum
337 4684 420 4744 iubet
435 4687 612 4745 sententiam
630 4687 719 4759 ferre,
741 4687 832 4762 vulgo
847 4687 874 4745 is
889 4695 920 4744 et
934 4686 1082 4745 iudicasse
1098 4687 1203 4744 dicitnr
1218 4696 1246 4743 et
1265 4686 1355 4744 iudex
1375 4684 1552 4761 appellatur.

306 4783 395 4859 Quod
428 4787 502 4863 legis
536 4806 560 4846 e.
582 4788 686 4847 LXIV
714 4789 831 4846 duoriri
863 4788 1097 4865 decurionesque
1130 4789 1262 4846 cuiusvis
1296 4788 1365 4845 aum
1398 4787 1547 4864 principio
1560 4795 1695 4844 Feriarum

222 4894 354 4945 statuere
376 4889 524 4961 iubentur,
546 4909 617 4964 quoa
639 4902 664 4948 et
678 4901 746 4966 quot
767 4892 827 4950 dies
842 4893 933 4967 sectos
950 4909 1009 4948 asae
1029 4899 1143 4967 atquae
1165 4909 1250 4948 soora
1267 4892 1333 4965 fieri
1353 4889 1464 4966 pubbee
1482 4890 1552 4964 plo·
1566 4877 1695 4926 ⁰¹<¹I¹¹³i¹⁰

222 4999 294 5058 scot,
315 5008 333 5046 a
355 4990 568 5050 consuetudine
590 4992 632 5049 rei
656 4993 793 5068 publicae
808 4992 963 5052 Romanae
986 4992 1104 5065 recedit,
1127 4993 1237 5070 quippe
1261 4995 1291 5051 in
1312 5011 1372 5068 qua
1394 5012 1413 5050 a
1434 4990 1553 5049 Numae

220 5088 293 5149 inde
324 5096 458 5168 tempore
484 5093 592 5169 partlm
622 5113 659 5152 ex
687 5094 815 5170 publicis
842 5094 947 5167 lastis,
979 5094 1088 5171 partim
1115 5094 1233 5171 legibus
1262 5095 1433 5153 moribusve
1466 5112 1554 5152 saera

223 5198 306 5251 stata
326 5192 530 5269 procellerent.
573 5193 772 5255 coniunctum
794 5206 893 5257 autom
914 5205 964 5257 eat
983 5202 1074 5277 caput
1098 5194 1157 5257 hoe
1177 5214 1246 5259 cam
1267 5196 1363 5257 altero
1384 5195 1553 5255 CXXVIII

1308 5298 1327 5357 8
