3496 5814
295 481 369 552 232
867 499 1049 550 uroumsau

295 674 357 733 cias
384 675 540 750 inquirunt
567 692 629 732 rem
652 674 769 751 plenius
792 675 1002 752 pervestigent.
1048 674 1087 732 Et
1108 675 1165 732 hoc
1187 675 1306 749 quidem
1329 676 1429 735 statim
1452 688 1535 754 patet
1556 700 1627 738 con·

295 777 480 836 suetudinem
509 796 585 847 eam,
614 777 651 834 de
679 794 738 852 qua
766 776 892 851 agimus,
921 777 959 834 ad
987 776 1182 852 imperatores
1204 777 1299 835 Iuliae
1326 779 1425 854 gentis
1453 800 1513 839 non
1534 784 1626 858 perti-

294 899 373 938 nere.
417 881 587 955 Augustum
616 861 776 938 Suetonius
809 878 848 953 (c.
870 879 923 947 40)
957 899 1023 937 cum
1056 879 1165 937 reserat
1192 879 1332 938 Fabianis
1360 891 1386 938 et
1411 881 1626 960 Scaptiensibus

294 981 442 1040 tribulibus
471 985 530 1039 sais
562 981 640 1038 dona
666 980 796 1052 dedisse,
823 980 951 1039 efficitur
976 980 1044 1040 inde
1073 981 1167 1040 Iulios
1193 981 1335 1057 patricios
1364 983 1395 1040 in
1422 983 1519 1043 Fabia
1547 987 1626 1045 tribu

295 1085 424 1143 censitos
453 1101 530 1154 esse,
561 1082 704 1142 Octavios
734 1091 832 1141 autem
861 1084 892 1140 in
923 1081 1059 1160 Scaptia;
1091 1091 1121 1141 at
1149 1084 1180 1141 in
1208 1084 1346 1156 coloniis,
1376 1104 1452 1161 quas
1481 1084 1626 1147 Caesares

293 1194 378 1262 pater
400 1193 429 1243 et
451 1186 531 1244 lilius
554 1192 641 1243 extra
662 1186 780 1243 ltaliam
803 1185 1008 1257 condiderunt,
1030 1195 1144 1245 tautum
1167 1187 1260 1256 abest,
1283 1195 1317 1244 ut
1337 1206 1390 1246 eae
1417 1188 1511 1247 tribus
1534 1191 1627 1266 potis·

295 1289 402 1348 simum
434 1289 634 1358 inveniantur,
668 1297 700 1345 ut
732 1289 868 1345 coloniae
890 1286 985 1345 Iuliae
1018 1287 1048 1344 in
1083 1287 1186 1345 Africa
1223 1289 1391 1366 adscriptae
1424 1291 1484 1348 lere
1517 1291 1628 1350 fuerint

295 1392 383 1450 tribui
399 1390 542 1449 Arniensi
566 1391 612 1449 vel
634 1390 789 1464 Quiriuae‚
810 1391 841 1447 in
865 1387 969 1448 Gallia
989 1387 1179 1448 Narbonensi
1203 1390 1294 1448 tribui
1318 1390 1479 1463 Voltiniae,
1503 1393 1532 1449 in
1555 1392 1625 1452 His·

294 1495 385 1571 pania
414 1491 557 1551 Galeriae
584 1493 782 1569 potissimum,
813 1493 842 1548 in
872 1491 1026 1549 Dalmatia
1053 1500 1105 1549 aut
1133 1490 1346 1550 Tromentinae
1373 1504 1425 1552 aut
1447 1492 1570 1572 Sergius
1587 1506 1629 1553 'et

296 1598 340 1654 sic
366 1595 516 1672 deinceps.
560 1594 666 1670 Neque
689 1596 776 1653 aliter
798 1612 865 1652 esse
889 1594 1000 1669 potuim
1031 1613 1098 1652 narn
1126 1613 1191 1652 cum
1215 1595 1272 1653 hac
1294 1602 1392 1653 aetate
1419 1597 1550 1654 tribuum
1574 1597 1628 1655 ali·

296 1718 374 1775 quae
396 1708 496 1775 partes
523 1697 552 1752 iu
575 1715 607 1754 rc
629 1697 749 1774 publica
771 1706 880 1766 essent,
904 1697 1040 1754 coloniae
1063 1696 1285 1773 municipiaque
1312 1716 1388 1773 quaa
1411 1699 1448 1756 ad
1478 1700 1626 1757 civitatem

296 1803 464 1860 Romanam
487 1799 730 1857 adsciscebantur
752 1798 948 1874 aequabiliter
975 1799 1051 1856 inter
1073 1799 1200 1856 rusticas
1223 1799 1318 1858 tribus
1341 1819 1445 1859 omnes
1468 1801 1628 1860 discriben-

296 1905 350 1962 dae
373 1911 467 1974 eraut,
490 1920 545 1959 nec
573 1918 643 1957 sane
671 1902 797 1979 gratiam
825 1901 907 1977 apud
930 1900 1081 1958 Fabiauos
1110 1918 1180 1958 suos
1207 1911 1236 1959 et
1258 1900 1449 1978 Scaptienses
1471 1904 1628 1980 Augustus

296 2005 414 2064 iniisset
433 2004 520 2062 novis
542 2003 658 2061 civibus
681 2003 719 2060 ad
742 2020 813 2061 suas
836 2003 930 2061 tribus
953 2003 1141 2078 potissimum
1164 2003 1277 2061 relatis.
1323 2002 1403 2076 Quid
1423 2005 1537 2080 quode
1559 2025 1628 2063 con-

297 2108 388 2166 trario
415 2107 478 2164 fieri
505 2115 614 2183 potest,
640 2112 673 2163 ut
699 2114 820 2182 propter
842 2105 977 2164 favorem
1000 2104 1109 2163 facturn
1133 2106 1182 2177 sit,
1210 2105 1291 2182 quod
1313 2106 1398 2165 hisce
1418 2108 1554 2166 tribubus
1576 2109 1630 2166 vix

299 2210 351 2268 ulli
374 2208 575 2285 provinciales
598 2207 740 2283 adscripti
762 2207 962 2266 inveniuntur.

380 2310 524 2370 Claudius
555 2310 640 2367 cuius
671 2309 766 2367 tribus
795 2309 886 2367 suerit
913 2309 983 2367 licet
1011 2309 1122 2368 diserte
1152 2327 1211 2367 non
1241 2311 1385 2382 tradatur,
1415 2312 1465 2386 qui
1497 2312 1631 2370 meminit

298 2435 364 2474 eum
387 2412 542 2471 oriundum
566 2430 633 2471 esse
656 2431 693 2470 ex
715 2412 780 2470 eius
807 2412 936 2470 nominis
964 2411 1087 2486 antiqua
1115 2413 1209 2488 stirpe
1231 2413 1366 2490 patricia,
1395 2414 1504 2471 tribum
1531 2424 1630 2471 autem

289 2516 455 2576 Claudiam
490 2516 527 2573 ab
561 2515 674 2592 origine
715 2533 781 2573 cum
816 2514 905 2571 domo
943 2514 1120 2589 cognomine
1158 2515 1361 2586 coniunctam,
1396 2514 1541 2574 Claudiae
1570 2536 1631 2574 non

298 2620 398 2677 minus
424 2619 520 2676 tribus
548 2636 637 2692 quarn
666 2617 763 2692 gentis
792 2636 858 2675 eum
886 2616 980 2674 fuisse
1008 2635 1067 2673 nou
1096 2617 1252 2675 dubitabit.
1295 2617 1359 2674 Iam
1382 2637 1511 2676 veruca
1535 2618 1630 2677 tribus

301 2731 331 2778 ut
364 2740 424 2779 non
450 2719 599 2777 invenitur
629 2719 660 2776 in
686 2718 816 2795 oppidis,
850 2736 926 2793 quae
954 2715 1098 2776 Claudius
1132 2718 1161 2775 in
1190 2718 1376 2777 Mauretania
1408 2719 1542 2779 coloniae
1567 2722 1631 2779 iure

300 2825 346 2880 vel
379 2823 500 2880 civitate
532 2820 658 2877 Latiove
692 2819 815 2877 donavit
845 2828 921 2877 testc
953 2820 1055 2878 Plinio
1087 2820 1115 2891 5,
1138 2818 1166 2891 ⁸2,
1191 2819 1256 2896 20,
1282 2840 1357 2896 quac
1389 2831 1459 2880 sunt
1490 2831 1632 2900 quattuor
1732 2850 1736 2855 ·

299 2924 457 2996 Caesarea,
486 2921 638 3000 Oppidum
663 2920 794 2992 Novum,
824 2921 1051 2993 Rusuccurium,
1080 2921 1195 2998 Tipasa
1222 2922 1323 2980 omnia
1347 2923 1444 2981 relata
1470 2925 1500 2984 in
1521 2925 1631 2985 tribum

299 3027 457 3100 Quirinam
488 3025 531 3099 (v.
548 3022 715 3083 Grotefend
739 3022 760 3079 l.
780 3041 803 3079 c.
827 3044 856 3100 p.
881 3023 935 3081 161
951 3023 1045 3100 seq),
1078 3043 1133 3082 uec
1161 3026 1256 3102 magis
1286 3026 1390 3084 eadem
1421 3036 1575 3101 comparet
1600 3032 1631 3087 in

300 3128 420 3186 colonia
446 3125 576 3185 Claudia
604 3126 711 3201 Aequo
746 3123 915 3183 Dalmatiae
948 3125 1099 3204 adscripta
1132 3127 1221 3184 tribui
1251 3127 1465 3186 Tromentinae
1495 3128 1632 3203 (vollll

298 3249 328 3305 p.
346 3229 464 3305 360)¹),
492 3230 536 3286 ita
557 3228 644 3285 adest
665 3227 694 3285 in
717 3226 841 3302 reliquis
865 3227 992 3286 coloniis
1014 3229 1242 3307 municipiisque
1264 3231 1302 3288 ab
1325 3229 1428 3290 eodem
1449 3231 1631 3303 constitutis,

300 3350 377 3408 quae
409 3339 479 3389 sunt
506 3331 571 3388 Ara
596 3329 829 3409 Agrippinensis
858 3329 888 3388 in
917 3328 1080 3389 Germania
1111 3330 1153 3405 (v.
1179 3330 1394 3391 Grotefendius
1416 3333 1477 3391 l.c.
1500 3352 1529 3409 p.
1548 3333 1631 3409 123),

301 3433 427 3494 Savaria
448 3433 478 3489 in
502 3431 659 3489 Pannonia
684 3432 837 3507 superiore
865 3431 937 3507 (vol.
954 3432 1000 3489 lll
1022 3454 1051 3510 p.
1068 3431 1154 3509 595),
1180 3434 1314 3492 Teurnia
1340 3434 1412 3509 (vol.
1429 3434 1476 3517 lll
1500 3454 1527 3511 p.
1546 3434 1631 3510 593),

300 3536 447 3593 Virunum
471 3534 522 3608 (ib.
546 3553 574 3611 p.
592 3533 677 3608 597),
708 3531 811 3591 Celeia
833 3533 886 3608 (ib.
910 3552 938 3608 p.
956 3533 1040 3609 (531),
1067 3535 1213 3592 Iuvavum
1237 3536 1291 3612 (ib.
1314 3555 1343 3612 p.
1361 3535 1436 3611 668)
1464 3536 1494 3594 in
1518 3536 1631 3596 Norico

300 3638 409 3708 omnia,
432 3638 534 3712 Apros
556 3636 588 3692 in
604 3634 735 3692 Thracia
757 3635 798 3711 (v.
817 3633 983 3693 Grotefend
1005 3636 1025 3693 l.
1042 3655 1066 3693 c.
1089 3655 1118 3711 p.
1138 3635 1254 3714 140)2).
1296 3636 1375 3696 Nam
1397 3656 1579 3714 quamquam
1601 3641 1632 3697 in

299 3742 403 3798 horum
427 3737 605 3814 oppidorum
629 3736 743 3794 civibus
770 3736 947 3814 plerumque
974 3737 1097 3796 dubium
1124 3745 1180 3810 est,
1210 3737 1338 3797 Claudia
1360 3740 1533 3798 vocabulum
1561 3761 1632 3819 cog·

300 3841 412 3901 nomini
438 3838 654 3916 praescriptum
677 3850 775 3898 utrum
799 3839 979 3917 iungendum
1002 3841 1041 3899 sit
1066 3860 1133 3899 curn
1155 3840 1242 3899 domo
1272 3860 1349 3918 quae
1378 3851 1449 3918 post
1469 3861 1633 3920 cognomen

301 3945 435 4021 sequitur
457 3962 495 4000 au
522 3942 631 3999 tribum
660 3942 815 4020 significet,
849 3944 923 4000 haec
951 3944 1112 4018 explicatio
1145 3943 1176 4000 in
1204 3943 1383 4018 quibusdam
1416 3944 1482 4002 sola
1514 3945 1631 4004 admitti

301 4055 401 4124 potest
427 4044 602 4119 videturque
629 4046 660 4101 in
685 4044 774 4121 longe
800 4044 953 4120 plerisque
980 4045 1185 4119 praeferenda,
1220 4064 1286 4104 cum
1317 4047 1492 4121 praesertim
1520 4048 1633 4107 nullum

301 4148 442 4208 indicium
465 4146 559 4204 tribus
583 4145 720 4204 diversae
748 4146 779 4202 in
803 4146 864 4204 ullo
893 4165 995 4205 eorum
1022 4147 1198 4222 oppidorum
1227 4148 1324 4206 adhuc
1349 4148 1529 4224 apparuerit.
1574 4150 1634 4206 lta·

301 4271 358 4328 que
380 4247 572 4319 consuetudo,
601 4265 692 4323 quam
714 4265 806 4323 supra
829 4247 956 4305 vidimus
985 4249 1041 4306 sub
1065 4249 1195 4323 posteris
1222 4248 1341 4307 Nervae
1370 4251 1547 4323 obtinuisse,
1574 4271 1634 4310 non

301 4351 468 4412 obtinuisse
495 4356 592 4407 aetate
616 4350 756 4426 Augusti,
785 4368 822 4406 nc
850 4358 911 4406 tum
940 4349 1060 4424 quidem
1089 4351 1225 4422 obtinuit,
1252 4370 1319 4410 cum
1342 4350 1487 4411 Claudius
1508 4371 1634 4430 regnare

302 4455 408 4530 coepit.
454 4450 531 4512 Nam
554 4451 758 4510 Mauretaniae
780 4450 929 4509 ordinatio
952 4451 1109 4510 coniuncta
1132 4455 1196 4512 sine
1218 4454 1308 4513 dubio
1327 4473 1398 4513 cum
1420 4454 1511 4513 caedo
1534 4455 1633 4512 Ptole·

381 4723 404 4784 ¹)
443 4724 543 4773 Eodem
567 4722 729 4773 referendum
754 4723 815 4784 erit,
847 4724 916 4787 quod
942 4724 981 4772 vir
1005 4724 1134 4789 Hispanus
1157 4726 1253 4775 uiritim
1277 4743 1293 4775 a
1318 4725 1377 4776 diro
1400 4722 1507 4776 Clurrdio
1532 4727 1634 4776 ciuitate

303 4813 411 4865 donatas
429 4816 572 4880 adscriptus
592 4824 629 4865 est
649 4815 726 4864 tribui
746 4813 878 4876 Quiriuae,
899 4816 948 4865 nisi
967 4816 1042 4865 lectio
1063 4817 1130 4866 fallit
1149 4819 1215 4866 tituli
1236 4820 1450 4869 v01.11n.159.

380 4904 406 4969 ²)
444 4907 542 4957 Contra
560 4908 661 4957 Emona
681 4908 727 4957 etsi
748 4914 773 4955 et
796 4907 852 4971 ipsa
875 4909 902 4958 in
920 4907 1030 4958 Claudia
1049 4909 1117 4959 tribu
1136 4910 1183 4959 suit
1203 4909 1264 4969 (vol.
1278 4911 1320 4960 111
1340 4927 1365 4975 p.
1380 4910 1453 4971 488),
1479 4926 1536 4959 curn
1555 4926 1634 4975 prop·

304 5006 344 5049 ter
362 4998 445 5049 Iuliae
464 5012 559 5048 nomen
579 5000 709 5049 civitatem
728 5005 805 5049 antea
823 5008 961 5050 consecuta
980 5014 1035 5051 esse
1048 5001 1173 5063 videatur,
1195 5003 1272 5052 etium
1286 5003 1422 5054 Claudiam
1442 5003 1537 5053 tribum
1557 5003 1634 5053 simul

303 5091 432 5141 credenda
456 5096 495 5140 eat
518 5098 656 5141 consecuta
680 5107 745 5142 esse.
783 5092 889 5142 Albona
911 5092 971 5153 (vol.
986 5092 1029 5142 111
1052 5109 1078 5157 p.
1093 5093 1156 5155 ³90)
1182 5103 1207 5144 et
1229 5095 1358 5146 Nedinum
1383 5092 1503 5161 (volIII
1527 5111 1552 5160 p.
1567 5095 1632 5156 371)

305 5182 453 5232 Dalmatiae
473 5182 597 5233 Claudiae
617 5183 698 5233 tribus
717 5192 742 5233 et
760 5185 817 5248 ipsa
837 5200 888 5249 quo
907 5192 1022 5250 tempora
1041 5185 1075 5235 ad
1095 5186 1223 5237 civitatem
1242 5188 1414 5252 pervenerint,
1437 5189 1577 5253 ignoratur.
