3510 5812
619 525 668 573 nn
688 525 816 575 sacrus
835 518 927 574 oris.
1390 505 1435 574 59

192 701 237 756 Ac
260 699 387 773 primum
416 698 533 773 quidem
560 699 590 755 iu
618 698 821 773 hemerologio
851 705 969 755 vetusto
992 696 1138 754 Pinciano
1165 697 1228 754 sire
1253 699 1438 772 quadratarii

109 803 173 860 sive
195 802 260 860 eius
282 801 335 876 qui
358 800 519 876 descripsit
542 801 645 876 (periit
667 801 746 858 enim
770 799 861 875 lapis)
885 819 985 858 errore
1003 799 1199 874 Opiconsiria
1221 801 1278 857 diei
1303 799 1341 856 26
1358 803 1437 876 Aug.

108 905 266 982 adsignata
293 921 369 971 esse,
400 922 466 960 cum
494 921 552 960 non
582 910 706 978 possent
733 922 792 959 non
820 902 971 978 adsignari
999 901 1201 973 antecedenti,
1230 903 1439 960 animadvertit

112 1007 318 1065 Mommsenus
341 1002 390 1079 (C.
407 1004 431 1061 Ι.
448 1003 517 1061 Ia]
543 1022 571 1079 p.
586 1003 669 1078 298).
711 1005 789 1062 idem
813 1024 879 1062 cum
902 1004 979 1062 dixit
1001 1011 1170 1079 corruptam
1193 1005 1352 1063 lectionem
1374 1019 1439 1063 orr-

108 1125 157 1168 cu>
181 1126 201 1166 Ν
225 1108 308 1183 (nam
332 1124 404 1164 sane
433 1105 596 1182 Opicicl(r'u)
620 1107 701 1164 luere
723 1106 820 1182 nulla)
844 1107 887 1165 sic
910 1106 1018 1165 debere
1040 1107 1154 1164 restitui

193 1209 232 1268 25
256 1226 271 1267 e
295 1208 465 1283 0e1c[1o]u

108 1313 254 1388 siquidem
283 1311 397 1370 litteras
425 1311 560 1369 seclusas
587 1329 660 1368 casu
687 1311 796 1369 inlatas
822 1328 891 1368 esse
918 1312 1046 1386 putarit,
1081 1311 1152 1369 mihi
1181 1320 1260 1369 certe
1288 1330 1350 1369 rem
1378 1331 1438 1369 non

108 1414 247 1491 probavit
269 1414 344 1472 satis
371 1413 564 1489 singularem.
608 1413 698 1471 immo
721 1413 750 1470 iu
773 1413 829 1471 hac
851 1433 970 1490 quoque
993 1420 1076 1489 parte
1099 1415 1277 1488 scripturam
1302 1413 1440 1488 potuita

109 1533 230 1593 pessum
254 1515 353 1573 datam
377 1533 444 1572 esse
468 1526 500 1572 ut
521 1515 610 1573 etiam
634 1515 720 1590 periti
749 1535 806 1573 non
833 1527 1029 1591 agnoscerent
1054 1514 1136 1589 quod
1165 1515 1288 1572 dederat
1309 1515 1438 1590 quadra·

109 1619 201 1677 tarius

193 1719 232 1880 {g
256 1737 271 1880 Ξ
294 1786 503 1832 ΟΡΙ·οΡΙΕ·Ν

109 1934 138 1981 et
161 1924 313 1983 difficilem
341 1925 420 1982 lectu
448 1925 541 1983 luisse
569 1927 746 2000 scripturam
775 1934 921 1982 monstrat
953 1937 1093 2002 corrupta
1120 1926 1172 1983 illa
1201 1926 1259 1983 diei
1288 1923 1369 2002 Sept.
1400 1924 1437 1982 22

109 2037 190 2097 nota,
214 2028 265 2085 ubi
289 2028 428 2085 traditum
613 2088 630 2113 l

194 2147 232 2204 22
256 2146 315 2205 Ac
328 2146 410 2189 neae
426 2105 611 2187 affini

107 2250 137 2306 in
160 2268 196 2306 ea
219 2249 296 2306 sacri
320 2249 454 2325 alioquin
476 2250 570 2325 ignoti
594 2250 777 2319 memoriam,
799 2251 896 2326 qualis
912 2260 959 2308 est
974 2251 1097 2308 alterius
1112 2251 1234 2325 ascripti
1249 2252 1288 2308 ad
1304 2250 1342 2308 24
1360 2252 1438 2327 Aug.

109 2350 212 2406 Lunae
233 2352 263 2406 iu
289 2350 511 2426 Graecos(tasi),
534 2351 627 2409 latere
649 2361 783 2427 apparet.
828 2353 863 2409 de
890 2373 921 2408 re
945 2371 1068 2427 prorsus
1095 2355 1224 2410 obscura
1246 2353 1314 2410 licet
1336 2354 1439 2428 opina-

110 2452 207 2508 tiones
230 2470 396 2527 proponere
418 2453 550 2529 iniquum
573 2455 621 2523 sit,
645 2462 743 2511 tamea
768 2454 924 2511 videndum
948 2473 985 2511 an
1008 2454 1081 2511 talia
1102 2455 1221 2530 possint
1242 2454 1356 2511 restitui

194 2571 232 2629 κῃ
257 2571 315 2630 Ac
328 2559 622 2614 ariomanitarum

110 2674 164 2733 sed
186 2675 261 2732 haec
283 2683 349 2733 utut
374 2662 444 2734 sunt
464 2709 501 2718 -
523 2695 618 2751 neque
647 2676 724 2734 euim
752 2677 911 2753 quicquam
939 2677 1053 2734 iaciunt
1080 2677 1118 2734 ad
1146 2695 1206 2734 rem
1233 2685 1365 2733 nostrum
1397 2677 1439 2732 di·

109 2768 297 2834 iudicandam
317 2810 358 2818 —
381 2778 438 2836 hoc
460 2797 581 2852 quaero,
604 2778 731 2854 primum
755 2787 871 2837 rectene
895 2789 935 2850 tu,
963 2782 1008 2835 vir
1029 2778 1149 2854 optime,
1173 2790 1294 2835 auctore
1315 2778 1440 2835 Momm-

111 2898 185 2937 seno
208 2879 252 2956 (p.
269 2879 328 2937 408
345 2880 385 2955 s.)
413 2880 554 2938 statueris
578 2880 783 2954 Opiconsiviis
807 2881 835 2938 d.
860 2880 897 2939 25
921 2883 999 2955 Aug.
1023 2889 1050 2938 et
1072 2880 1221 2957 Opalibus
1250 2881 1277 2937 d.
1305 2881 1340 2938 19
1368 2880 1439 2938 Dec.

110 3001 227 3040 sacrum
250 2982 359 3040 lactum
383 3000 450 3040 esse
473 2982 509 3039 ad
533 2983 633 3041 aedem
658 2981 778 3041 Saturni
802 2991 832 3040 et
855 2981 945 3058 Opis,
975 3000 1099 3058 eamque
1126 2982 1228 3040 aedem
1251 2983 1281 3039 in
1304 2981 1441 3041 Valleusi

110 3084 313 3162 hemerologio
336 3085 489 3142 modoad
507 3087 608 3159 soram
630 3084 683 3159 (19
707 3084 795 3158 Dec.)
825 3084 913 3142 modo
936 3088 965 3142 in
988 3085 1131 3160 Capitolio
1159 3084 1213 3158 (25
1237 3083 1330 3160 Aug.)
1354 3085 1442 3142 sitam

111 3204 178 3244 esse
201 3186 273 3257 dici3
297 3186 405 3244 deinde
426 3187 499 3261 quid
523 3186 563 3244 sit
584 3186 666 3263 quod
689 3187 923 3263 hemorologium
946 3186 1101 3245 Arvalium
1129 3186 1200 3245 bina
1227 3195 1345 3261 praeter
1367 3186 1442 3263 Opi·

110 3288 246 3346 consivia
267 3307 353 3347 sacra
374 3307 477 3347 mense
500 3290 640 3365 Augusto
663 3289 722 3366 Opi
747 3290 862 3347 videtur
888 3289 1050 3347 attribuere
1077 3290 1205 3346 alterum
1229 3279 1442 3365 Opiierae'die

110 3390 307 3460 antecedenti,
329 3390 454 3449 alterum
479 3390 692 3467 Opiconsiviae
714 3390 761 3449 die
784 3392 968 3467 insequenti:
999 3410 1066 3449 nam
1093 3391 1136 3448 ita
1163 3409 1209 3447 me
1236 3389 1346 3468 lapidis
1369 3391 1442 3448 ima·

109 3492 208 3568 ginem
236 3514 254 3550 a
282 3502 310 3550 te
337 3493 409 3551 olim
436 3500 692 3570 repraesentatam
719 3502 798 3552 recte
834 3493 1023 3568 interpretari
1051 3511 1111 3551 non
1140 3492 1243 3551 dubito
1270 3494 1344 3567 quin
1370 3511 1442 3550 mox

110 3595 307 3652 concesseris

194 3699 223 3754 A
245 3698 365 3755 nomine
387 3697 472 3756 aedis
496 3708 527 3755 ut
549 3698 706 3775 incipiam,
734 3716 793 3756 uon
817 3716 941 3773 possum
964 3715 1024 3755 non
1047 3697 1175 3774 probare
1197 3716 1299 3756 eorum
1324 3705 1440 3756 senten·

114 3799 184 3856 tiam
210 3799 261 3874 qui
285 3799 386 3857 aedem
409 3799 439 3856 in
462 3797 614 3876 Capitolio
638 3801 745 3857 factam
769 3800 806 3857 ab
830 3799 901 3856 aede
924 3800 960 3857 ad
983 3799 1082 3857 lorum
1106 3800 1165 3856 sita
1186 3817 1311 3874 prorsus
1334 3799 1441 3857 discre-

112 3909 226 3959 verunt.
271 3900 398 3974 primum
422 3902 499 3959 enim
524 3919 599 3977 nego
627 3902 715 3958 unius
743 3902 936 3977 eiusdemque
963 3901 1155 3977 hemerologii
1179 3902 1322 3958 editorem
1346 3901 1441 3957 diver·

111 4003 153 4060 sis
176 4001 380 4080 cognomentis
404 4020 489 4059 usum
513 4020 578 4060 esse
601 4021 689 4077 posse
712 4003 802 4060 credi.
847 4022 906 4079 qua
930 4004 966 4062 de
994 4023 1025 4060 rc
1052 4021 1124 4060 sane
1147 4002 1241 4060 decidi
1263 4022 1322 4059 non
1344 4011 1443 4079 potest

111 4104 169 4163 nisi
199 4103 373 4180 compositis
401 4103 535 4162 locorum
564 4122 640 4178 quae
667 4105 698 4163 in
727 4105 938 4183 hemerologiis
970 4115 1240 4164 commemorantur
1272 4104 1442 4163 nominibus

112 4207 274 4265 universis:
314 4206 436 4264 exhibui
464 4207 557 4283 igitur
584 4206 739 4264 elenchum
766 4226 868 4266 eorum
894 4209 1014 4286 plenum
1044 4208 1145 4283 itaque
1168 4207 1348 4283 dispositum
1371 4217 1443 4264 uta

113 4306 265 4384 Capitolio
287 4308 412 4384 loroque
436 4325 523 4367 orsus
540 4306 713 4368 Servianum
739 4309 853 4381 urbem,
876 4311 944 4368 dein
963 4330 1040 4386 quse
1063 4317 1149 4367 extra
1170 4329 1271 4368 muros
1294 4310 1352 4368 sita
1373 4319 1443 4367 sunt

112 4418 289 4486 persecutus
312 4411 377 4468 sim.
