3510 5812
211 461 258 530 64
801 475 950 526 ronnas

296 649 518 726 comprobasse
541 651 631 727 igitur
653 649 724 707 mihi
742 649 843 706 videor
866 668 930 705 eam
954 666 1020 706 csse
1043 650 1071 705 in
1095 648 1142 706 his
1157 648 1370 723 hemerologiis
1393 647 1541 706 sermonis

209 754 322 831 proprii
345 754 542 811 constantiam
572 751 670 827 qualis
701 759 892 808 monumento
921 771 958 808 ex
986 750 1061 827 ipsis
1089 749 1249 827 pontificiis
1274 749 1359 807 libris
1382 748 1542 826 desumpto

209 875 264 914 nec
279 857 461 932 privatorum
479 854 595 913 libidini
611 854 743 912 obnoxio
759 854 925 911 conveniat.
970 854 1050 928 quod
1072 853 1096 910 si
1119 859 1198 910 recte
1213 853 1314 923 statui,
1337 851 1543 911 demonstravi

211 958 334 1017 eandem
352 956 428 1034 Opis
449 956 553 1014 aedem
570 976 628 1014 non
645 957 780 1032 potuisse
795 955 826 1012 in
843 954 1115 1032 hishemerologiis
1131 954 1266 1011 modain
1285 952 1429 1031 Capitolio
1445 953 1541 1029 (Vall.

209 1062 285 1136 Aug.
296 1059 349 1134 25)
362 1058 452 1117 modo
467 1059 507 1116 ad
514 1060 615 1132 sorum
627 1058 817 1134 (AmitDec.
830 1057 881 1131 19)
895 1058 970 1127 dici;
983 1064 1107 1133 apparet
1119 1066 1218 1115 autem
1230 1056 1406 1132 quaestione
1418 1055 1541 1134 dignum

210 1180 276 1220 csse
303 1181 339 1218 an
363 1161 498 1219 eiusdem
520 1160 687 1218 kalendarii
710 1160 806 1218 editor
829 1158 950 1233 (nmis.)
974 1159 1097 1217 eandem
1126 1159 1228 1216 aedem
1257 1168 1309 1216 aut
1335 1159 1465 1233 potuerit
1491 1167 1544 1216 aut

209 1263 338 1321 voluerit
360 1263 448 1320 modo
465 1259 587 1320 Saturni
611 1262 664 1336 (lt
680 1262 768 1336 Dec.)
792 1263 882 1319 modo
899 1259 975 1337 Opis
999 1261 1051 1336 (19
1068 1259 1157 1335 Dec.)
1182 1259 1219 1317 ad
1241 1260 1339 1318 foram
1362 1261 1469 1320 dicere.
1514 1269 1544 1318 et

210 1367 266 1424 lroc
294 1364 413 1441 quidem
441 1365 489 1422 hic
517 1364 615 1422 editor
642 1384 678 1422 ne
708 1363 777 1422 fecit
803 1365 937 1439 quidem:
970 1382 1038 1421 nam
1061 1382 1127 1420 cum
1156 1363 1233 1420 dixit
1253 1361 1379 1438 ser(iae)
1403 1362 1541 1434 Saturne,

209 1467 365 1542 Saturn(o)
387 1468 429 1525 ad
441 1468 542 1540 sorum
559 1499 596 1509 -
605 1464 731 1541 femiae)
749 1466 815 1541 Opi,
842 1465 900 1541 Opi
922 1467 962 1522 ad
976 1467 1086 1539 sorum,
1109 1464 1138 1520 in
1154 1465 1294 1541 ambiguo
1318 1474 1397 1523 certe
1419 1465 1543 1540 reliquit

211 1577 310 1626 utrum
333 1567 454 1628 Saturni
481 1579 511 1626 et
533 1567 610 1643 Opis
638 1567 727 1626 aedes
755 1569 792 1626 ad
818 1568 916 1626 lorum
939 1569 1026 1625 binae
1049 1585 1088 1625 an
1111 1587 1169 1625 una
1191 1569 1345 1643 utriusque
1368 1566 1415 1624 dei
1438 1567 1542 1626 luerit:

211 1673 236 1729 si
264 1672 319 1729 tuit
346 1691 414 1740 una,
447 1689 520 1729 sane
547 1671 653 1727 mirum
681 1679 727 1727 est
753 1671 833 1745 quod
859 1669 889 1726 in
917 1677 963 1727 tot
989 1668 1090 1745 templi
1115 1669 1447 1728 commemorationibus
1470 1687 1539 1728 nus·

211 1792 298 1848 quam
326 1774 446 1849 plenum
476 1774 541 1830 eius
568 1790 676 1830 nomen
708 1772 905 1848 perscriptum
934 1772 1095 1829 invenitur.
1144 1790 1212 1829 nam
1245 1773 1325 1847 quod
1352 1772 1449 1831 solum
1476 1772 1541 1830 eius

211 1875 413 1933 testimonium
435 1875 605 1944 exhibetur,
627 1874 731 1932 titulus
755 1873 807 1932 Or.
835 1873 924 1944 1506,
954 1874 1069 1932 nullum
1092 1893 1160 1933 esse
1186 1874 1265 1931 insra
1286 1873 1453 1950 apparebit.
1496 1874 1540 1932 ri-

210 1977 334 2035 deamus
355 1976 447 2054 igitur
462 1976 499 2036 de
514 1976 591 2054 Opis
614 1975 737 2034 aedibus
759 1976 837 2033 binis
854 1974 1035 2052 Saturnique
1055 1995 1116 2034 una
1137 1977 1208 2054 quid
1230 1977 1372 2035 traditum
1394 1977 1433 2035 sit
1454 1994 1541 2052 prae-

212 2091 255 2137 ter
277 2079 489 2157 hemerologia.

297 2184 322 2240 l.
367 2181 467 2240 Aedes
490 2180 568 2258 Opis
591 2181 621 2238 in
644 2179 794 2256 Capitolio
817 2180 938 2239 condita
964 2188 1009 2238 est
1031 2188 1099 2239 ante
1121 2200 1148 2240 a.
1166 2181 1226 2241 568
1249 2200 1308 2257 quo
1331 2201 1410 2240 anno
1433 2181 1540 2241 Livius

211 2283 261 2353 39,
278 2282 315 2340 22
344 2283 380 2341 de
407 2303 443 2342 ea
463 2283 538 2341 haec
560 2291 701 2341 testatur:
739 2284 840 2340 addita
869 2292 895 2341 et
915 2302 1001 2341 unum
1022 2284 1095 2342 diem
1116 2285 1290 2360 supplicatio
1312 2294 1353 2344 est
1374 2303 1408 2342 ea
1429 2285 1541 2342 decreto

205 2387 380 2461 pontificum,
404 2387 482 2461 quod
502 2388 583 2444 aedis
610 2384 680 2461 Opis
706 2389 735 2442 in
759 2385 901 2460 Capitolio
929 2386 964 2442 de
990 2386 1067 2443 caelo
1095 2396 1172 2445 tacta
1199 2396 1268 2444 erat
1313 2388 1355 2444 ita
1380 2385 1460 2445 libri.
1503 2405 1541 2444 ex

209 2484 300 2546 Livio
327 2486 506 2564 Obsequens
533 2506 557 2545 c.
582 2488 614 2545 3:
652 2488 732 2545 aedis
755 2488 834 2544 Iovis
862 2491 892 2544 in
919 2487 1062 2563 Capitolio
1082 2488 1206 2562 fulmine
1234 2492 1291 2547 icta
1319 2498 1374 2548 est:
1408 2487 1542 2563 proclive

209 2600 274 2647 erat
295 2589 426 2648 librariis
448 2590 520 2649 iobis
542 2590 691 2668 corrigere
715 2590 765 2648 ubi
788 2593 852 2665 opis
875 2590 1015 2649 traditum
1038 2590 1109 2662 suin
1132 2609 1220 2649 nemo
1242 2590 1333 2667 igitur
1352 2590 1431 2649 Iocis
1453 2588 1541 2648 Livio

208 2692 388 2751 restituerit:
412 2699 441 2750 et
462 2692 499 2750 cl.
522 2691 609 2751 infra.

294 2793 321 2851 2.
366 2813 393 2851 a.
418 2793 478 2851 t10
502 2793 682 2870 Obsequens
711 2814 736 2852 c.
761 2793 814 2852 68:
852 2796 974 2853 turbinis
1000 2799 1029 2852 ei
1054 2797 1248 2867 simulacrum,
1275 2795 1353 2871 quod
1377 2794 1419 2853 M.
1445 2795 1542 2855 Cicero

205 2896 300 2971 plebis
323 2899 391 2954 scito
413 2904 479 2953 ante
500 2896 601 2953 cellam
623 2895 774 2954 Mineruae
793 2898 890 2971 pridie
911 2916 997 2973 qaam
1019 2902 1048 2954 in
1071 2899 1186 2956 erilium
1207 2902 1260 2955 iret
1279 2907 1428 2973 posuerat,
1455 2899 1542 2956 dissi-

206 3006 308 3071 patum
328 2998 458 3054 rnembris
476 3015 601 3072 pronum
622 3002 720 3069 iacuit,
737 3002 844 3073 fruens
866 2999 988 3058 lurraeris
1011 3001 1135 3058 bracliis
1158 3003 1266 3075 capite:
1293 3002 1388 3058 dirum
1409 3003 1468 3076 ipsi
1492 2998 1541 3058 Ci-

209 3102 304 3157 ceroni
327 3100 480 3175 portendit.
526 3099 642 3158 tabulae
668 3118 772 3159 aeneae
801 3120 833 3159 ea
860 3103 929 3159 aede
950 3103 1035 3160 Fidei
1063 3104 1172 3162 turbine
1198 3103 1319 3160 evulsae.
1364 3103 1444 3161 aedis
1468 3101 1542 3177 Opis

208 3200 311 3258 caloae
337 3201 479 3274 effractae.
525 3201 608 3260 vides
636 3202 783 3261 turbinem
811 3212 1002 3263 monumenta
1029 3205 1058 3261 in
1082 3202 1234 3281 Capitolio
1262 3205 1321 3263 sita
1347 3214 1377 3262 et
1403 3205 1480 3262 inter
1507 3221 1542 3263 se

210 3302 307 3360 vicina
321 3321 443 3378 pessum
458 3302 588 3362 dedisse.
633 3323 693 3362 non
708 3304 785 3383 fugit
799 3306 855 3364 hoc
870 3306 1074 3365 testimonium
1089 3305 1242 3382 Nibbyum
1259 3306 1308 3380 (R.
1325 3316 1384 3366 ant.
1402 3306 1429 3379 2,
1449 3305 1540 3382 115):

209 3404 263 3462 sed
284 3405 396 3463 erravit
418 3424 484 3464 cum
507 3406 575 3464 aliis
599 3404 799 3482 Capitolinam
824 3408 928 3465 aedem
950 3429 1017 3467 cum
1039 3408 1152 3483 templo
1175 3405 1298 3468 Saturni
1321 3407 1540 3468 contundendo.
1633 3485 1638 3493 ·

293 3508 321 3565 3.
367 3526 393 3565 a.
418 3507 478 3566 704
501 3507 749 3585 scripsitcicero
772 3509 809 3567 ad
831 3510 964 3569 Atticum
988 3510 1017 3583 6,
1036 3513 1062 3584 l,
1081 3511 1133 3569 17:
1161 3513 1196 3570 de
1217 3521 1314 3570 statua
1336 3511 1474 3588 Africani

209 3612 257 3666 ain
280 3611 327 3666 tul
353 3606 456 3685 Scipio
478 3611 524 3668 bie
546 3610 678 3669 Metellus
698 3631 840 3687 procoma
862 3632 943 3671 suum
967 3617 1057 3672 nescu
1078 3632 1218 3673 censorem
1240 3632 1296 3671 non
1310 3615 1415 3689 juisse.
1460 3615 1542 3690 atqui

208 3710 307 3768 babuit
327 3712 402 3769 nibil
423 3712 507 3770 aliud
527 3715 695 3789 inscriptum
716 3717 774 3772 nisi
798 3710 924 3774 ‘censor’
947 3735 980 3775 ea
1001 3725 1099 3774 statua
1121 3735 1195 3792 quae
1216 3713 1235 3786 †
1257 3730 1298 3774 Aa
1321 3731 1392 3774 orrs
1415 3731 1477 3773 run
1499 3731 1540 3773 ru

209 3811 268 3887 (sic
283 3812 377 3888 Med.)
396 3818 497 3891 posita
518 3818 548 3872 in
570 3813 678 3874 excelso
700 3825 759 3874 est:
780 3819 810 3874 in
832 3817 885 3875 illa
901 3828 994 3876 autem
1016 3836 1089 3895 quae
1104 3829 1144 3877 est
1158 3818 1199 3875 ad
1212 3807 1392 3878 Πολυκλέους
1407 3815 1541 3893 (nonar-

208 3930 323 3975 rnsorc
337 3916 432 3991 Med.)
457 3917 610 3975 Herculem
630 3921 799 3994 inscriptum
822 3929 863 3979 est
883 3914 1006 3979 ‘consul'
1023 3965 1029 3978 .
1044 3964 1071 3979 ..
1088 3931 1119 3979 at
1139 3939 1181 3979 me
1203 3919 1315 3979 bacula
1337 3937 1395 3995 epo,
1426 3938 1487 3978 cum
1510 3921 1540 3976 in

207 4027 299 4076 terma
319 4022 530 4091 inauratarum,
558 4038 631 4096 quas
654 4020 699 4078 bic
720 4020 851 4081 Metellus
873 4025 903 4079 in
929 4020 1072 4099 Capitolio
1092 4027 1201 4098 posuit,
1228 4023 1489 4081 animaduertissem
1510 4023 1541 4079 ia

208 4118 377 4196 Serapionis
397 4122 601 4197 subscriptione
616 4122 754 4199 Africani
773 4127 936 4199 inopinam,
960 4136 1085 4183 erratum
1099 4125 1209 4198 fabrile
1228 4127 1345 4199 pittaci:
1364 4141 1439 4181 nune
1460 4123 1541 4181 uideo

207 4220 328 4279 Metelli.
372 4242 428 4298 pro
451 4223 600 4299 corruptis
624 4223 684 4282 illis
705 4225 741 4282 ab
764 4229 826 4300 opis
845 4243 901 4299 per
916 4235 940 4282 te
962 4244 1039 4300 quae
1061 4225 1092 4282 in
1114 4225 1252 4283 omnibus
1274 4225 1337 4284 sere
1359 4224 1540 4283 editionibus

206 4322 276 4380 inde
299 4343 318 4381 a
332 4323 514 4382 Iensoniana
531 4324 692 4402 vulgantur
714 4346 749 4384 ac
765 4346 801 4384 ne
824 4344 842 4382 a
864 4327 985 4400 nuperis
1008 4326 1127 4403 quidem
1149 4327 1315 4386 editoribus
1331 4327 1453 4387 Baitero
1470 4328 1539 4386 We·

208 4424 365 4502 senbergio
387 4426 496 4484 Bootio
524 4436 625 4504 spreta
653 4438 736 4486 sunt:
770 4428 806 4485 ab
831 4428 902 4504 Opis
927 4438 1024 4503 parte,
1053 4447 1089 4487 ea
1115 4429 1188 4486 mihi
1216 4430 1355 4489 videntur
1381 4430 1453 4488 ferri
1480 4447 1540 4487 non

208 4544 306 4601 posse.
355 4528 470 4587 scilicet
497 4529 607 4588 idonea
632 4530 772 4607 exempla
799 4548 858 4587 non
890 4530 960 4588 novi
987 4529 1097 4606 quibus
1127 4532 1337 4607 comprobetur
1363 4532 1538 4609 scriptorem

209 4627 302 4686 ullum
325 4629 440 4688 dixisse
457 4650 475 4687 a
494 4641 577 4706 parte
599 4631 724 4689 alicuius
748 4631 852 4706 templi
875 4632 939 4690 sive
954 4631 1080 4689 aedificii
1104 4642 1183 4691 stare
1204 4634 1371 4710 positumrs
1395 4650 1463 4692 esse
1486 4632 1540 4690 ali·

208 4729 288 4804 quod
311 4741 548 4790 monumentum:
585 4752 654 4791 uam
680 4732 758 4810 quod
786 4733 879 4791 videri
906 4734 1004 4810 possit
1030 4752 1099 4793 esse
1124 4735 1263 4793 idoneum
1291 4735 1438 4794 Varronis
1464 4735 1538 4793 illud

208 4830 244 4888 do
266 4830 286 4889 l.
303 4831 323 4888 l.
348 4833 375 4903 5,
395 4833 452 4891 153
475 4833 518 4909 (p.
538 4835 594 4893 153
619 4834 699 4911 Sp),
722 4836 752 4894 in
775 4835 851 4894 libro
875 4835 1051 4893 Florentino
1075 4836 1118 4894 sic
1140 4837 1280 4913 scriptum
1304 4840 1380 4914 quod
1400 4853 1420 4895 n
1443 4852 1538 4896 ursus

207 4948 336 4992 rauruu
359 4938 459 5010 pinnis
487 4936 666 5013 turribusque
694 4955 824 4996 carceres
853 4937 918 4994 olim
934 4941 1064 5013 suerunt,
1092 4938 1122 4996 in
1145 4957 1180 4996 eo
1203 4958 1299 5015 neque
1322 4959 1340 4996 a
1362 4943 1436 4997 inuri
1452 4947 1539 5015 parte

208 5053 302 5110 neque
325 5057 344 5094 a
366 5036 479 5095 uterus
498 5049 582 5113 parte
608 5039 701 5099 latere
729 5039 905 5099 certissimis
936 5042 1118 5116 argumentis
1141 5041 1235 5100 evinci
1260 5051 1358 5118 potest
1381 5061 1434 5099 ncc
1456 5041 1539 5098 deni·

207 5154 265 5210 que
287 5137 345 5197 loci
369 5139 418 5196 ubi
441 5139 551 5197 luerint
572 5160 707 5201 carceres
729 5142 973 5201 commemoratio
996 5141 1036 5199 ibi
1060 5143 1180 5200 omnino
1202 5144 1372 5219 requiritur,
1394 5144 1485 5201 immo
1508 5143 1539 5201 id
