3510 5812
219 507 265 578 66
370 503 377 516 ’
807 526 952 577 ronnas

217 720 276 757 non
293 709 364 776 puto
379 699 417 756 ad
432 700 536 757 aedem
552 718 616 756 eam
635 698 671 756 de
690 717 750 774 qua
772 699 888 775 agimus
911 700 1078 776 pertinere:
1116 700 1141 756 si
1164 700 1303 775 pertinet,
1326 709 1371 757 est
1393 699 1550 776 nugatorie

216 803 266 877 qni
289 812 393 860 contra
416 801 589 859 memoriam
611 802 791 879 optimorum
818 802 970 860 annalium
996 801 1100 859 aedem
1129 819 1244 859 sacram
1269 798 1441 876 Capitolina
1467 801 1549 859 loris

217 904 415 980 antiquiorem
438 905 592 963 confinxit.
626 904 744 980 quade
766 924 797 961 re
820 904 890 961 alibi
913 904 1019 961 dicam.
1054 903 1234 978 reliquorum
1263 903 1415 961 annalium
1437 902 1549 961 disere·

215 1007 319 1081 pantia
340 1007 415 1064 haee
437 1017 491 1064 est.
530 1007 650 1081 scripsit
664 1006 761 1064 Varro
784 1005 804 1064 l.
821 1006 864 1064 VI
887 1006 1053 1064 diuinarum
1069 1007 1166 1063 aedem
1182 1004 1303 1063 Saturni
1324 1007 1366 1063 ad
1379 1007 1478 1080 sarum
1495 1006 1549 1079 sa-

216 1109 344 1166 cisndam
368 1109 479 1167 locasse
493 1107 531 1165 L.
556 1108 743 1184 Tarquinium
766 1127 866 1184 repon,
894 1109 986 1166 Titum
1007 1127 1073 1166 uera
1095 1106 1233 1165 Larcium
1256 1109 1420 1166 dictatorem
1443 1105 1549 1165 Satur-

215 1210 331 1268 nalibus
355 1230 414 1268 earn
438 1212 594 1269 dedicasse.
638 1212 711 1268 hace
733 1230 771 1269 ex
795 1221 878 1285 parte
900 1210 1082 1268 conveniunt
1096 1209 1294 1286 Dionysianis
1317 1208 1336 1266 l.
1353 1229 1378 1267 c.
1416 1210 1444 1267 is
1467 1209 1548 1267 euim

214 1322 374 1388 postquam
399 1333 424 1370 a.
440 1311 498 1369 257
523 1313 599 1370 dixit
621 1312 788 1371 dedicatam
811 1331 877 1370 csse
899 1312 1002 1369 aedem
1025 1307 1274 1394 (unSnprrJrun
1298 1330 1365 1368 nam
1390 1328 1548 1370 eonsecra-

214 1414 256 1471 tio
279 1416 438 1473 coniuncta
459 1423 506 1472 est
528 1434 595 1472 cum
618 1414 804 1473 dedicatione
832 1416 870 1472 ob
898 1432 1022 1489 eamque
1051 1433 1112 1471 rem
1137 1411 1246 1472 Graeci
1275 1413 1437 1490 scriptores
1463 1412 1548 1472 dedi-

215 1516 360 1574 cationem
391 1516 529 1574 sollemni
559 1536 641 1574 more
664 1516 720 1575 lroc
746 1517 893 1575 vocabulo
920 1516 1113 1593 significant),
1144 1533 1287 1591 aramque
1315 1516 1387 1574 olim
1415 1513 1547 1576 Saturno

212 1618 405 1676 constitutam
433 1636 499 1676 esse
527 1618 564 1676 ab
586 1618 716 1677 Hercule
744 1619 847 1678 eodem
871 1618 949 1691 loco,
971 1619 1014 1676 ita
1035 1619 1148 1695 pergit:
1175 1611 1225 1688 riu
1248 1606 1278 1674 δὲ
1300 1611 1464 1700 ἐπιγραφὴν
1490 1616 1548 1692 (ita

214 1719 373 1779 Reiskius:
400 1714 515 1803 ’γραῲῆν
544 1721 677 1796 codices)
704 1722 755 1791 τῆς
780 1711 915 1804 ἱδρύσεως
942 1721 994 1778 τοῦ
1020 1722 1089 1777 ναοῦ
1115 1707 1187 1780 τινὲς
1207 1707 1256 1787 μὲν
1277 1719 1418 1802 ἱστοροῦσι
1440 1711 1547 1784 λαβεῖν

214 1814 297 1878 Τι’τον
312 1813 432 1904 Λάρκιον
454 1817 502 1880 adv
524 1814 730 1879 tinarsa'ravrn
752 1824 793 1898 τῷ
815 1813 942 1906 aptis-Sea
964 1821 1094 1898 ἐνιαυτῷ,
1121 1822 1145 1879 ai
1167 1810 1198 1878 δὲ
1219 1811 1267 1879 uni
1288 1812 1418 1884 fieretis
1433 1811 1546 1905 Tapuri-

215 1947 269 1980 mav
286 1918 336 1979 riv
350 1915 508 1981 inussisse
528 1925 578 1985 τιῗς
599 1920 706 2008 ἀρχῆς·
730 1919 778 1994 τὴν
794 1913 824 1981 δὲ
847 1915 1019 2007 καθιέρωσιν
1042 1926 1093 1980 τοῦ
1115 1925 1185 1981 raeti
1206 1915 1311 1988 λαβεῖν
1325 1917 1471 1993 Ποό·τομον
1486 1926 1545 1979 Ka·

212 2017 298 2092 uiruav
319 2021 395 2082 κιιιιέ
418 2016 566 2102 ψήφισμα
588 2018 711 2097 βουλῆς.
756 2029 829 2085 liaec
852 2035 904 2085 aut
925 2035 1067 2104 corrupta
1089 2037 1141 2086 aut
1162 2026 1305 2103 Dionysii
1330 2027 1420 2104 culpa
1440 2045 1480 2086 ex
1502 2025 1548 2083 di-

213 2128 311 2186 versis
332 2127 527 2187 relationibus
551 2129 628 2188 male
651 2129 853 2188 contaminata
874 2147 941 2188 esse
964 2141 1097 2205 apparet.
1141 2148 1238 2206 neque
1263 2147 1317 2204 pro
1340 2129 1477 2206 eoquod
1500 2137 1547 2186 est

212 2230 241 2287 iu
265 2229 350 2288 libris
375 2225 491 2313 ’γραφὴν
513 2232 593 2290 aliud
621 2250 710 2306 quam
738 2225 900 2313 ἐπιγραφῆν
928 2231 1043 2289 efficere
1072 2231 1151 2290 licet.
1196 2232 1239 2289 sic
1265 2233 1343 2289 enim
1369 2231 1406 2289 de
1428 2239 1491 2289 tota
1512 2251 1546 2289 re

212 2340 265 2388 aut
291 2336 431 2408 exposuit
458 2333 627 2410 Dionysius
654 2344 706 2393 aut
734 2333 836 2392 debuit
861 2352 1026 2407 exponere:
1061 2334 1109 2409 (1)
1138 2353 1164 2390 a.
1194 2332 1253 2392 357
1282 2333 1448 2392 dedicatam
1475 2351 1544 2392 esse

211 2434 315 2492 aedem
337 2430 597 2516 (καθιερωθῆναι),
621 2455 727 2494 nomen
749 2435 1000 2510 inscripsisse-
1024 2436 1162 2493 nimirum
1185 2437 1237 2511 qui
1259 2435 1425 2494 faciendam
1448 2435 1544 2494 locas·

211 2545 258 2594 set
273 2569 312 2578 -—
328 2555 389 2595 cos.
413 2556 440 2594 a.
458 2536 516 2596 253
542 2537 579 2595 Τ.
604 2536 743 2596 Larcium
766 2536 858 2611 (unde
880 2538 1023 2596 discimus
1047 2539 1220 2612 scriptorem
1238 2538 1301 2596 eius
1323 2537 1441 2596 annalis
1464 2536 1542 2595 unde

210 2638 284 2696 haee
306 2638 456 2697 fluxerunt
477 2640 714 2698 controversiam
742 2641 778 2697 de
804 2640 868 2697 iure
894 2640 1075 2698 inscribendi
1103 2659 1210 2697 nomen
1234 2639 1397 2716 tetigisse);
1424 2637 1472 2715 (3)
1495 2656 1542 2697 se·

211 2741 340 2799 eundum
368 2740 445 2798 alios
472 2741 637 2800 faciendam
666 2742 781 2800 locasse
808 2740 919 2816 (neque
945 2761 1015 2799 vero
1043 2760 1150 2799 nomen
1177 2722 1384 2818 inscripsisse)
1406 2740 1442 2799 L.
1466 2741 1543 2799 Tar·

211 2843 362 2916 quinium,
390 2842 545 2900 dedicasse
573 2860 634 2902 cos.
657 2861 684 2900 a.
708 2841 767 2902 253
797 2844 923 2900 alterum
950 2843 1033 2901 Post.
1062 2841 1239 2903 Cominium.
1283 2844 1426 2903 habemus
1452 2843 1544 2920 igitur

212 2943 319 3018 quibus
346 2945 376 3001 in
405 2945 565 3010 annalibus
586 2944 735 3002 dedicatio
763 2944 846 3003 aedis
869 2943 990 3003 Saturni
1020 2946 1152 3022 ascripta
1180 2947 1237 3005 fuit
1258 2963 1353 3005 annos
1377 2943 1446 3005 253.
1471 2942 1541 3004 257.

212 3045 259 3103 his
283 3046 397 3104 aceedit
419 3045 525 3102 tertius
549 3046 707 3104 secundum
732 3044 863 3104 Gellium
887 3046 982 3122 (apud
1003 3047 1123 3123 Macr.):
1147 3060 1274 3107 senatum
1295 3050 1421 3107 decresse
1442 3057 1473 3106 ut
1494 3065 1542 3105 ae·

212 3149 261 3204 des
283 3147 406 3207 Saturni
420 3148 505 3222 fieret
525 3151 604 3223 eique
626 3152 669 3206 rei
684 3147 721 3206 L.
746 3149 866 3206 diarium
888 3149 1028 3208 tribunum
1050 3151 1165 3208 militem
1184 3152 1356 3227 praefuisse,
1379 3150 1461 3226 quod
1487 3168 1541 3227 po-

211 3258 271 3306 test
292 3249 455 3324 ascriptum
478 3250 572 3308 luisse
594 3251 632 3308 ad
654 3267 750 3309 annos
774 3250 948 3309 347-363.
965 3252 1034 3310 373.
1052 3252 1122 3310 384.
1160 3270 1252 3311 caiisa
1274 3253 1430 3312 dissensus
1447 3249 1540 3311 Gellii

211 3352 240 3408 in
264 3351 391 3410 obscuro
413 3361 469 3422 est,
496 3352 527 3409 in
556 3354 663 3411 ceteris
690 3352 849 3410 annalibus
879 3353 995 3411 ridetur
1022 3375 1040 3412 a
1062 3354 1189 3413 diversis
1210 3355 1247 3412 de
1272 3356 1362 3432 primi
1384 3354 1542 3413 dictatoris

211 3454 297 3512 antiis
313 3454 506 3530 opinionibus
530 3455 671 3530 pendere:
694 3456 794 3531 itaque
817 3455 941 3531 primam
957 3466 1027 3533 post
1048 3474 1134 3532 reges
1157 3466 1281 3515 exactos
1296 3456 1399 3516 aedem
1423 3474 1540 3515 sacram

211 3555 292 3615 lovis
308 3554 474 3631 Capitolini
497 3557 659 3615 secundum
681 3558 777 3615 fastos
793 3556 982 3616 dedicaverat
1004 3558 1109 3617 consul
1129 3559 1253 3634 primns,
1277 3559 1400 3618 alteram
1417 3554 1541 3618 Saturni

210 3657 324 3733 primus
347 3659 483 3717 dictator.
502 3691 540 3700 -
556 3666 627 3717 nota
649 3658 816 3717 Varronem
839 3661 937 3719 dicere
962 3663 1058 3718 aedem
1081 3658 1202 3720 Saturni
1222 3662 1263 3718 ad
1276 3662 1385 3736 sarain.

295 3760 323 3819 2.
367 3760 461 3820 Aedis
484 3760 606 3821 Saturni
629 3761 666 3819 ad
688 3762 784 3819 iorum
807 3771 875 3820 aute
898 3770 1023 3822 mortem
1042 3761 1198 3822 Ciceronis
1221 3781 1289 3821 raro
1312 3763 1436 3821 annales
1459 3781 1541 3820 men·

208 3863 321 3921 tionem
344 3863 466 3922 faciunt.
510 3864 553 3923 ita
579 3864 620 3921 ad
644 3865 741 3922 aedem
764 3863 883 3924 Saturni
909 3866 1093 3924 immolatum
1123 3886 1149 3923 a.
1173 3865 1244 3937 537,
1273 3864 1443 3941 prodigium
1464 3883 1541 3922 nun-

208 3964 313 4024 tiatum
336 3984 423 4025 araus
437 3967 560 4024 interdiu
582 3984 680 4025 sereno
696 3967 774 4024 caela
794 3987 881 4043 super
895 3969 992 4026 aedan
1008 3967 1128 4027 Saturni
1141 3971 1172 4025 in
1186 3968 1256 4041 fara
1272 3968 1400 4025 Romana
1423 3986 1450 4025 a.
1467 3966 1540 4038 580,

208 4068 372 4144 eodemque
395 4087 474 4126 anno
497 4085 637 4126 censores
664 4069 765 4127 eliaam
797 4070 989 4145 Capitolinum
1015 4071 1096 4128 silice
1122 4070 1301 4128 sternendum
1323 4071 1495 4128 curaairunt
1515 4080 1542 4128 et

204 4173 345 4244 porticum
371 4171 407 4227 ab
437 4171 507 4228 aede
534 4169 654 4228 Saturni
681 4174 712 4227 in
741 4170 913 4245 Capitolium
940 4172 980 4227 ad
1010 4173 1173 4228 senaculum
1199 4190 1235 4229 ac
1260 4189 1346 4247 suaper
1371 4173 1404 4229 id
1429 4175 1542 4231 curiam

210 4270 291 4346 (Liv.
316 4269 365 4342 33,
385 4272 412 4342 1,
431 4271 477 4329 19.
503 4272 551 4343 41,
569 4269 618 4343 21,
639 4269 684 4329 tt.
711 4271 758 4343 17,
775 4269 817 4345 7).
862 4271 965 4329 eadem
982 4279 1079 4330 aetate
1100 4272 1175 4330 scito
1196 4273 1344 4330 aerarium
1360 4273 1462 4350 populi
1478 4274 1540 4331 Ro·

209 4374 288 4430 mani
312 4373 538 4432 commemorari
562 4374 749 4450 saepissime,
772 4390 921 4447 nusquam
944 4391 1014 4431 vero
1037 4374 1129 4433 luisse
1152 4375 1209 4432 dici
1232 4375 1261 4432 iu
1286 4373 1406 4434 Saturni
1422 4374 1541 4452 Opisre

210 4475 297 4532 aede:
321 4475 469 4533 aerarium
493 4475 669 4551 simpliciter
690 4474 797 4531 dicitur
819 4474 908 4532 etiam
931 4474 961 4531 in
984 4475 1099 4550 legibus
1121 4477 1228 4534 aetatis
1249 4474 1443 4535 Gracchanae
1459 4476 1540 4534 Ban-

208 4575 271 4632 tina
292 4583 322 4632 et
343 4577 582 4650 repetundarum.
628 4577 828 4634 striatarum
851 4576 1090 4650 quaestoriorum
1113 4579 1234 4636 nomina
1258 4580 1425 4655 perscripta
1446 4578 1541 4637 fuisse

209 4678 250 4734 ad
270 4677 366 4735 aedem
389 4675 512 4734 Saturni
539 4682 569 4734 in
587 4681 700 4754 pariete
727 4681 802 4736 intra
830 4679 930 4737 caulas
953 4679 1074 4753 (cavus
1097 4680 1163 4756 aes)
1190 4689 1316 4739 testatur
1339 4679 1466 4741 Sullana
1487 4680 1540 4738 lex

208 4778 245 4835 de
271 4794 310 4836 xx
338 4779 550 4853 quaestoribus
579 4781 609 4837 in
632 4780 706 4855 ipsis
735 4790 768 4837 ut
794 4780 919 4838 traditur
946 4782 1047 4856 templi
1076 4780 1197 4842 Saturni
1226 4782 1381 4858 parietinis
1409 4792 1538 4857 reperta.

207 4881 334 4954 denique
361 4880 458 4938 Varro
491 4881 574 4939 libris
608 4881 644 4939 de
677 4882 779 4959 lingua
811 4883 905 4940 latina
937 4883 1058 4960 scriptis
1092 4892 1160 4942 ante
1193 4903 1302 4941 aurium
1326 4885 1382 4941 711
1417 4884 1538 4959 (b,183

207 5002 235 5058 p.
256 4980 313 5039 182
330 4979 399 5058 Sp.)
418 5001 473 5057 prr
495 4988 630 5042 trutinam
652 4985 694 5042 ait
715 4986 789 5042 solui
803 4985 915 5043 salitum
936 4989 1083 5061 restipiurn
1101 4991 1182 5044 stiam
1204 5004 1279 5043 nunc
1300 4996 1394 5043 manet
1415 4989 1444 5043 in
1467 4987 1539 5042 aede

208 5081 339 5153 Saturni,
363 5086 440 5160 quad
454 5103 487 5141 ra
509 5089 592 5143 ctiam
607 5105 683 5145 nunc
694 5096 815 5162 proptia·
824 5100 979 5164 pensuram
995 5092 1130 5145 trutinam
1146 5086 1228 5145 babet
1239 5091 1375 5162 positam.
1419 5087 1456 5144 ab
1470 5107 1537 5145 aere

206 5190 360 5245 aerarium.
403 5187 504 5260 itaque
525 5188 596 5246 lieet
617 5193 761 5247 naariam
778 5186 900 5247 Saturni
921 5206 1028 5247 nomen
1048 5198 1191 5266 quantum
1214 5189 1306 5248 sciam
1321 5197 1391 5265 post
1406 5191 1537 5265 Augusti
