3510 5812
208 511 256 580 54
792 527 941 576 uunzsx

206 703 306 761 differt
332 721 350 758 a
376 701 494 760 schedis
518 700 629 758 Metelli
658 700 761 757 titulus
785 700 855 769 975,
877 700 911 755 10
940 718 958 754 a
982 697 1112 757 Grutcro
1140 697 1309 771 descriptus
1333 695 1389 753 sie:
1418 688 1539 773 citimi

198 807 307 880 fluuius
327 823 355 860 α.
379 804 397 860 Ι.
416 803 555 882 lporpr'oe
576 805 690 876 corriupi
711 800 714 879 l
737 802 803 859 bene
826 804 939 859 merenti
957 804 961 876 l
976 803 1108 875 fecerunt
1126 814 1129 875 ;
1148 808 1165 855 t.
1183 801 1292 874 fluuius
1314 801 1407 854 acoris
1424 800 1429 873 l
1446 801 1541 855 turci-

208 907 264 964 lius
286 925 347 964 eros
365 902 368 931 ¹
386 916 412 964 ct
425 907 520 980 fluuio
545 905 630 978 niphe
647 901 650 981 l
667 907 753 960 rnatri
780 903 898 973 dulciss,
927 922 994 960 cunr
1023 902 1160 960 Metellus
1188 900 1263 958 liaeo
1290 900 1435 977 proferat:
1466 900 1541 977 disl

207 1008 335 1066 monibus
352 1009 356 1084 l
367 1009 440 1081 finci
457 1009 461 1083 l
478 1025 506 1063 o.
528 1006 546 1063 l.
561 1006 700 1080 porpiude
719 1006 723 1081 l
742 1009 853 1080 corriupi
875 1006 1067 1081 berieruelrenti
1081 1006 1215 1078 fecerunt
1231 1005 1235 1079 l
1253 1013 1271 1061 t.
1285 1004 1394 1078 fluuius
1416 1000 1540 1081 acoris-l

206 1121 251 1169 tus
273 1119 299 1168 ct
319 1109 448 1168 turciiius
465 1110 469 1183 Ι
488 1127 549 1166 eros
576 1117 602 1164 et
616 1110 711 1182 slacio
734 1126 812 1175 eros;
839 1108 908 1164 item
933 1106 1001 1178 596,
1019 1107 1048 1176 9,
1076 1106 1107 1163 in
1129 1107 1216 1164 euius
1239 1125 1285 1162 vv.
1304 1104 1332 1162 l.
1356 1106 1374 1163 5
1396 1104 1427 1162 in
1450 1104 1543 1164 sehe-

206 1213 251 1271 dis
284 1211 402 1288 quidem
436 1210 546 1286 legitur
578 1224 779 1267 usnnniuvs·
803 1224 947 1268 caesuris
970 1210 1543 1283 tsvo·rsn·usu1suvs·otsrsu5‚

207 1313 356 1372 Gruterus
377 1321 476 1371 autem
499 1312 619 1369 omissis
643 1310 742 1369 verbis
764 1325 1077 1369 svo-renuerimus
1101 1311 1206 1367 scribit
1228 1309 1283 1366 sic:
1308 1318 1422 1367 cass-tt
1432 1353 1522 1368 ......
1536 1310 1540 1388 ξ

208 1430 430 1474 ntsreussron.
476 1413 613 1488 Denique
639 1414 668 1469 in
697 1413 783 1470 titulo
807 1413 885 1488 apud
903 1411 1065 1471 Gruterum
1088 1412 1193 1483 805,9
1216 1412 1274 1469 loci
1296 1411 1441 1470 iudicatio
1462 1412 1544 1471 haec

207 1527 254 1577 est
275 1518 371 1592 Burpi
392 1520 421 1573 in
443 1515 592 1584 Hetruria,
615 1534 681 1573 curn
705 1515 732 1571 in
757 1515 876 1574 schedis
898 1515 1079 1574 Metellianis
1105 1515 1220 1590 legatur
1240 1509 1272 1570 ‘o
1294 1508 1442 1572 Belletre’.
1490 1515 1543 1573 In·

207 1618 419 1697 terpolationes
441 1617 497 1674 hae
519 1635 577 1674 non
600 1625 718 1675 constat
740 1626 837 1674 utrum
861 1638 879 1675 a
901 1616 1099 1676 Gutenstenio
1121 1618 1272 1694 prolectas
1294 1616 1354 1674 sint
1376 1636 1481 1675 necue.

291 1721 471 1778 Examinavi
507 1738 597 1796 porro
634 1738 712 1797 quae
748 1720 888 1797 leguntur
924 1720 953 1776 in
987 1719 1101 1777 Metelli
1137 1719 1239 1777 codiee
1272 1718 1419 1777 Vaticano
1453 1720 1542 1780 6039

207 1824 243 1899 (f.
260 1820 437 1896 sos-328)
461 1831 603 1896 excerpta
625 1840 662 1879 cx
684 1821 845 1880 cardinalis
870 1819 1033 1897 Carpensis
1056 1822 1166 1894 codice,
1189 1840 1276 1896 quem
1300 1822 1439 1900 syllogen
1462 1821 1544 1881 Fra·

208 1927 262 1985 tris
280 1924 402 1983 iucundi
419 1924 604 1983 continuisse
619 1934 697 1982 rec-te
719 1924 862 1981 iudicavit
877 1924 1081 1981 Mommsenus
1105 1924 1147 2000 (p.
1162 1924 1227 1999 ttt).
1249 1925 1420 2002 exemplum
1436 1936 1543 1984 autem

208 2029 302 2086 luisse
329 2026 511 2085 recensionis
539 2026 646 2084 tertiae
675 2025 838 2084 ostendunt
872 2027 950 2084 tituli
984 2026 1132 2101 virginum
1171 2025 1341 2084 Vestalium
1368 2027 1396 2084 in
1426 2028 1447 2085 1.
1478 2027 1543 2086 324

207 2129 365 2207 propositi.
408 2128 449 2186 Et
475 2146 577 2186 eorum
604 2129 724 2203 quidem
750 2146 821 2205 pars
848 2127 930 2204 prior
958 2126 991 2201 (l.
1009 2127 1209 2204 sou-320),
1231 2129 1374 2204 inscripta
1392 2126 1440 2188 ‘es
1464 2131 1544 2189 libro

166 2216 169 2222 ⁴
207 2236 439 2309 eptqramnatum
460 2234 720 2305 manuscriptorum
741 2248 835 2288 recens
858 2231 1015 2288 cardinalis
1032 2231 1124 2306 Carpi
1140 2230 1178 2288 M.
1197 2231 1234 2289 D.
1248 2227 1358 2303 XLV’,
1381 2251 1440 2289 non
1457 2252 1546 2291 eom-

208 2335 348 2411 plcotitur
369 2333 426 2390 nisi
453 2334 586 2390 carmina
607 2332 750 2390 admixtis
772 2333 936 2392 notissimis
958 2334 1137 2409 quibusdam
1160 2333 1247 2390 medii
1264 2334 1328 2391 aevi
1352 2334 1547 2395 fictionibus:

207 2437 261 2496 ills
282 2455 348 2494 cum
371 2435 479 2493 hebeat
500 2434 619 2510 quidem
644 2433 801 2505 Gruterus,
831 2435 883 2492 sed
906 2434 943 2491 ab
966 2435 1140 2493 auctoribus
1164 2436 1301 2507 dirersis,
1328 2455 1387 2494 non
1410 2449 1548 2513 apparet

206 2559 276 2597 num
299 2537 515 2597 Gutenstcnius
543 2556 580 2594 eu
607 2537 635 2594 ei
664 2537 865 2612 descripserit.
911 2535 1083 2612 Sequuntur
1106 2539 1124 2594 f.
1143 2536 1196 2594 321
1231 2542 1437 2613 epiprommoto
1467 2560 1547 2598 noa-

205 2642 289 2700 nullo
310 2651 431 2699 ueterum
453 2658 485 2697 eu
506 2659 601 2697 recens
623 2643 817 2714 transscripta
840 2640 934 2697 codice
955 2641 1111 2697 cordinello
1135 2640 1300 2714 Carpere-sis,
1328 2662 1344 2698 e
1366 2641 1479 2715 quibus
1503 2645 1547 2702 ad

207 2744 308 2802 urbem
332 2761 391 2799 non
414 2743 564 2818 pertinent
586 2741 645 2799 nisi
667 2760 801 2816 eaquae
823 2741 842 2797 f.
861 2741 1035 2798 stt-324
1058 2743 1224 2818 perscripta
1246 2752 1325 2813 sunt,
1348 2763 1414 2800 curm
1436 2754 1548 2805 cetera

207 2852 341 2920 spectent
373 2844 412 2900 ad
444 2842 664 2916 Iustinopolim,
698 2841 859 2913 Histriam,
893 2845 1107 2921 Anagninum,
1141 2844 1330 2914 Ravennam,
1363 2845 1546 2921 Mytilenas,

208 2946 384 3015 Auximum,
420 2942 565 3014 Brixiam,
599 2945 735 3001 civitates
763 2944 847 3002 alias.
892 2945 941 3003 Ex
969 2947 1016 3002 lris
1044 2946 1138 3004 titulis
1162 2944 1379 3005 Gntcnstenius
1401 2949 1546 3023 potiores

208 3058 287 3105 certe
312 3046 443 3104 Grutero
465 3046 650 3122 excerpserit
671 3063 794 3104 necesse
817 3057 871 3116 est,
895 3067 960 3104 eum
983 3049 1127 3122 ‹prosdam
1152 3069 1254 3106 eorum
1277 3057 1398 3108 arretore
1420 3049 1546 3110 Guten·

208 3149 305 3207 stenio
334 3145 484 3206 Gruterus
512 3149 626 3205 afferat.
672 3146 739 3220 Qua
770 3158 867 3205 sutem
896 3150 1009 3208 ratione
1036 3151 1066 3208 in
1094 3151 1141 3209 his
1170 3152 1266 3209 titulis
1295 3152 1448 3211 tradendis
1474 3152 1545 3214 Gu-

209 3249 374 3309 tenstenius
397 3256 533 3307 versatus
556 3250 604 3321 sit,
627 3250 686 3307 iarn
708 3250 871 3309 rideamus.

293 3353 389 3410 Adest
408 3352 438 3410 iu
459 3352 610 3426 excerptis
627 3352 807 3410 Metelliauis
828 3354 985 3412 notissima
1001 3356 1156 3433 inscriptio
1173 3356 1353 3415 thermarum
1371 3356 1545 3418 Diocletia-

208 3475 313 3514 narum
335 3453 524 3528 (c.1.1..6‚
544 3454 636 3529 1130)
663 3455 706 3511 ita
733 3454 795 3512 iere
817 3464 849 3512 ut
875 3456 984 3533 legitur
1006 3458 1085 3532 opud
1108 3458 1305 3529 Mazoehium‚
1335 3459 1451 3518 scilicet
1479 3462 1544 3522 sio:

208 3558 279 3614 DD.
300 3575 347 3614 an.
371 3556 559 3614 diocletianus
585 3565 612 3612 et
636 3557 846 3615 mouiurilinuus
873 3562 970 3615 inuicti
997 3564 1120 3618 seniores
1147 3560 1242 3636 Aupp.
1267 3571 1367 3637 putres
1396 3568 1484 3639 impp.
1517 3575 1548 3624 et

207 3677 316 3717 caesor.
345 3668 371 3716 et
396 3659 424 3715 d.
447 3658 473 3714 d.
495 3678 522 3714 n.
544 3677 570 3715 n.
592 3662 766 3717 constantius
797 3670 823 3717 et
848 3664 1037 3720 maximianus
1065 3665 1163 3720 inuicti
1194 3682 1281 3737 supp.
1309 3673 1335 3721 et
1366 3683 1479 3723 seuerus
1517 3680 1547 3728 ct

207 3765 396 3819 maximianus
428 3760 597 3818 nobilissimi
627 3779 758 3818 caesores
791 3761 913 3819 thermus
937 3763 1039 3836 felices
1067 3765 1243 3822 Diocletiani
1275 3785 1342 3840 nup.
1368 3771 1466 3842 putris
1494 3775 1546 3829 sui

206 3866 314 3921 nomini
342 3872 545 3922 conseerarunt
572 3867 658 3938 ceptis
686 3866 823 3939 aedificiis
846 3884 902 3938 pro
930 3869 1002 3923 torui
1029 3869 1121 3940 operis
1143 3870 1337 3942 ruopnitndine
1362 3873 1437 3926 cirini
1459 3872 1545 3931 cultu

203 3968 349 4044 perfectus
363 3965 501 4023 Bouronis
522 3968 583 4021 suis
605 3965 781 4023 dedicarunt.
827 3965 901 4024 liam
924 3968 1019 4042 ipsam
1037 3966 1186 4026 Gruterus
1210 3970 1297 4028 affert
1314 3971 1410 4042 179,1
1437 3990 1544 4051 sump-

207 4080 278 4138 tam,
302 4076 334 4126 ut
355 4067 406 4139 ait,
427 4062 455 4123 ‘e
477 4084 533 4125 ms.
556 4067 635 4125 curd.
661 4065 824 4143 Carpeusis
847 4087 882 4125 ac
904 4065 1030 4127 Metelli’
1053 4069 1142 4144 plune
1165 4071 1314 4131 diversam
1337 4074 1391 4131 ita:
1423 4075 1472 4131 dd.
1489 4095 1542 4135 nn.

210 4171 240 4231 C.
269 4168 369 4226 Aurel.
394 4168 459 4227 Vol.
488 4169 687 4227 Diocletianus
715 4180 739 4228 et
766 4171 809 4226 M.
839 4170 939 4228 Aurei.
968 4171 1029 4229 l’ol.
1059 4172 1255 4231 Maximianus
1283 4179 1380 4235 inuicti
1411 4181 1545 4241 seniores

207 4273 303 4347 supp.
322 4281 420 4347 potres
443 4274 531 4346 impp.
554 4281 580 4328 et
601 4289 674 4329 coes.
693 4291 726 4347 p.
740 4290 771 4346 p.
789 4314 795 4328 .
814 4316 820 4327 .
838 4316 843 4328 .
863 4317 868 4329 .
886 4317 891 4329 .
911 4317 917 4329 .
936 4316 941 4328 .
960 4317 966 4330 .
983 4317 989 4329 .
1008 4319 1010 4324 .
1031 4318 1037 4330 .
1056 4317 1062 4329 .
1080 4317 1086 4330 .
1104 4318 1110 4331 .
1128 4318 1134 4331 .
1153 4276 1201 4332 dd.
1218 4296 1264 4333 nn.
1283 4277 1331 4334 Fi.
1352 4278 1446 4336 Voler.
1464 4280 1544 4342 Con-

208 4378 332 4433 stantius
349 4381 375 4431 et
390 4371 488 4431 Galer.
507 4372 598 4431 Vater.
613 4371 788 4431 Maximinus
803 4375 973 4432 nobilissimi
988 4394 1118 4433 caesores
1127 4378 1158 4450 ff
1167 4420 1544 4445 .................

207 4478 329 4535 tiermes
344 4475 447 4550 felices
468 4474 647 4532 Diocletiano
670 4487 783 4549 coeptas
806 4477 941 4551 aedificiis
961 4496 1018 4552 pro
1041 4482 1113 4537 tanti
1135 4484 1229 4554 operis
1250 4484 1443 4556 mupnitudine
1464 4493 1548 4546 omni

207 4579 285 4637 cultu
312 4580 371 4634 iam
395 4579 538 4652 perfectos
565 4579 673 4633 numini
700 4581 760 4634 eins
791 4589 1001 4637 consecrarunt.
1046 4578 1134 4653 Quod
1158 4582 1328 4661 exemplum
1352 4604 1418 4642 cum
1441 4606 1546 4664 neque

208 4678 278 4737 olibi
295 4695 422 4753 usquam
439 4696 533 4753 neque
548 4677 578 4735 in
593 4677 669 4752 ipsis
685 4679 802 4736 schedis
815 4680 994 4738 Metelliauis
1010 4700 1029 4737 a
1043 4681 1241 4755 Guteustcnio
1254 4686 1396 4746 adhibitis
1411 4687 1546 4765 legatur,

208 4789 288 4849 recte
310 4780 431 4838 omnino
453 4779 656 4839 Mommsenus
680 4780 712 4855 (l.
729 4801 752 4839 c.
770 4802 799 4858 p.
817 4783 870 4857 71)
893 4784 1050 4840 confictum
1072 4784 1102 4841 id
1125 4803 1193 4844 esse
1216 4788 1293 4845 dixit
1315 4790 1352 4847 nd
1370 4790 1546 4852 llazochia·

208 4901 279 4940 num
302 4882 347 4940 vel
364 4883 561 4941 Mszochiuno
585 4883 692 4942 simile.
736 4881 877 4959 Sequitur
900 4885 979 4960 apud
995 4885 1147 4944 Metellum
1170 4890 1292 4948 mutilus
1314 4900 1343 4949 et
1366 4890 1453 4951 valde
1477 4912 1546 4955 cor·
1606 4892 1609 4900 ’

208 4991 315 5061 ruptus
342 4984 446 5043 titulus
468 4983 641 5057 c.1.L.6,
661 4985 738 5044 1196
767 4987 810 5044 sie
839 4997 1016 5062 conceptus:
1046 4991 1133 5065 impp.
1156 4991 1318 5050 sternentiss.
1335 4995 1458 5068 feliciss.
1485 5008 1546 5057 toto

209 5088 275 5144 orbo
289 5087 417 5145 victorii.
434 5088 563 5145 Arcadio
578 5088 709 5146 Honorio
726 5098 751 5146 et
766 5089 923 5148 Theodosio
938 5109 1042 5164 ouppp.
1060 5092 1100 5147 od
1116 5111 1239 5166 perenne
1255 5095 1390 5154 iudicium
1404 5098 1545 5175 triumph.

210 5189 288 5264 quod
302 5188 418 5248 Zetlor.
434 5194 575 5248 notionem
589 5194 619 5247 in
634 5209 712 5248 omne
727 5208 824 5248 aeuum
840 5194 938 5250 docere
954 5195 1009 5249 esti
1022 5211 1120 5250 arcum
1134 5196 1316 5256 siruuloelrris
1331 5214 1427 5257 eorum
1442 5202 1511 5259 triu
