3510 5812
671 514 723 564 sn
750 479 926 565 consona
953 512 1038 563 vor..
1057 513 1122 562 vn.
1489 488 1561 558 313

316 685 346 744 S.
371 685 402 747 S.
426 685 552 745 Lewis
576 687 679 762 philol.
700 687 823 759 journol
850 686 878 755 7,
909 685 987 744 1876
1016 705 1043 760 p.
1064 683 1172 742 libes.
1202 691 1231 740 et
1256 684 1441 741 memoranda
1468 682 1503 753 os
1520 680 1564 737 the

231 788 402 864 Cambridpe
420 788 612 864 philolopical
633 791 736 864 sociay
762 786 924 846 1875-76
948 807 976 862 p.
996 789 1043 845 11.

315 889 491 950 Scribonius
521 889 572 947 ille
603 889 774 948 Demetrius
803 889 887 963 (nam
917 888 954 947 de
983 889 1092 947 scribae
1118 887 1206 945 titulo
1237 887 1362 965 cogitari
1390 905 1450 944 non
1471 902 1562 960 posse

231 992 334 1068 patet),
363 993 452 1050 bomo
475 990 612 1051 Graecus
639 992 669 1049 in
697 991 831 1049 exercitu
858 992 989 1049 sortasse
1018 991 1168 1067 stipendia
1194 1007 1320 1062 merens,
1350 989 1396 1046 dis
1418 989 1561 1065 praetorii

229 1093 357 1152 Romani
386 1092 499 1169 (Genio
522 1093 613 1151 Marti
635 1093 787 1152 Victoriae
809 1093 924 1151 Romae
951 1092 1137 1151 similibusve
1166 1090 1252 1167 puto)
1280 1091 1409 1166 itemque
1435 1091 1482 1149 dis
1509 1109 1562 1165 pa·

229 1198 294 1254 triis
321 1197 445 1254 marinis
477 1195 529 1270 (ue
557 1196 636 1253 enim
664 1195 777 1271 cogites
805 1194 841 1253 de
862 1185 984 1274 Δήμητρι
1007 1194 1080 1252 deae
1102 1195 1236 1268 nomine)
1265 1192 1390 1250 donaria
1414 1192 1560 1268 quaedam

228 1298 325 1356 titulis
347 1298 410 1356 illis
433 1306 540 1357 oruata
562 1298 678 1355 videtur
701 1297 865 1355 dedicasse.

226 1505 294 1564 180
318 1506 388 1581 (ins.
412 1516 483 1582 post
505 1527 533 1564 n.
550 1505 635 1581 234).
679 1505 809 1563 Eboraci
831 1526 894 1582 rep.
918 1525 944 1562 a.
971 1505 1065 1577 18773
1094 1505 1180 1562 arula
1206 1505 1335 1582 lapidea,
1359 1515 1496 1564 servatur
1517 1506 1559 1564 ibi

268 1609 300 1666 in
322 1626 435 1667 masec.

840 1708 983 1751 n·u·0

820 1808 962 1853 Gauro

829 1908 959 1952 tooct

820 2012 962 2054 vadam

307 2152 368 2211 Iac.
392 2153 505 2213 Ruina
526 2155 608 2213 misit
629 2155 714 2231 liguo
733 2154 869 2213 incisam.
914 2151 1033 2212 Similes
1048 2152 1250 2212 dedicationes
1265 2153 1360 2211 eidem
1378 2151 1476 2230 Genio
1498 2154 1555 2213 loci

223 2254 338 2330 positae
360 2256 419 2314 duo
441 2255 572 2314 indidem
594 2257 653 2315 iam
675 2256 869 2315 innotuerunt
891 2274 918 2312 n.
939 2253 998 2312 235
1022 2264 1051 2313 et
1073 2253 1143 2314 265.

220 2460 278 2521 181
302 2463 373 2538 (ins.
396 2474 467 2542 post
488 2486 516 2524 n.
534 2464 618 2542 240).
662 2466 792 2524 Eboraci
819 2470 890 2523 item
918 2465 1091 2540 prodierunt
1118 2484 1212 2541 nuper
1233 2465 1315 2522 anuli
1338 2467 1470 2541 argentei
1493 2466 1553 2523 duo

261 2564 409 2643 inscripti,
432 2585 508 2643 qnos
531 2587 549 2624 a
572 2568 694 2643 reliquis
718 2570 781 2626 eius
803 2567 906 2644 oppidi
928 2566 1024 2625 titulis
1047 2568 1206 2642 seiungere
1228 2567 1326 2625 visum
1348 2585 1407 2625 non
1430 2577 1485 2640 est,
1509 2568 1538 2625 bi

527 2725 546 2764 a
592 2705 594 2708 ’
639 2719 725 2763 oso
1041 2704 1057 2761 b
1106 2718 1180 2762 ror

611 2822 751 2867 svcrro

302 2961 362 3020 Iac.
384 2962 502 3021 Raiue
524 2962 606 3021 misit
627 2981 712 3022 cerae
735 2963 909 3040 impressos.

301 3062 361 3121 Dei
381 3061 482 3124 Suceli
502 3082 610 3123 nomen
632 3064 680 3123 hic
701 3064 829 3142 primum
851 3065 973 3141 legitur3
996 3083 1065 3123 num
1089 3064 1119 3121 in
1140 3063 1265 3122 alterius
1288 3063 1368 3122 anuli
1392 3064 1480 3122 titulo
1502 3065 1550 3123 dei

214 3163 286 3221 item
308 3164 435 3223 alicuius
457 3183 567 3225 nomen
588 3166 689 3238 lateat,
712 3166 803 3224 veluti
827 3166 962 3242 Tot(otis)
984 3166 1101 3238 Martis,
1124 3184 1162 3223 an
1184 3166 1247 3224 voti
1270 3165 1400 3224 formula
1420 3167 1549 3225 sortasse

215 3283 275 3323 nou
298 3266 426 3343 integra,
452 3267 546 3326 veluti
568 3277 607 3326 tot
628 3266 734 3341 (annos
755 3267 849 3343 anca)
874 3269 920 3326 vel
948 3268 1066 3338 similis,
1093 3267 1209 3346 ignoro.
1254 3265 1325 3326 Una
1345 3277 1481 3344 repertus
1504 3277 1549 3326 est

215 3366 322 3425 anulus
346 3386 456 3426 aureus
479 3387 545 3427 cum
569 3369 657 3445 signo
679 3369 811 3428 ciconiae
834 3369 898 3427 sive
921 3373 1014 3446 gruis.

214 3572 279 3634 tat
302 3575 618 3653 (insponsata).
662 3577 805 3650 Eboraci,
833 3577 1032 3655 fragmentum
1061 3577 1188 3636 tabellae
1216 3577 1353 3654 lapideae
1374 3596 1437 3654 rep.
1459 3578 1546 3636 iuxta

255 3676 375 3737 domum
397 3677 508 3737 Rainii.

840 3833 929 3876 cva

791 3932 929 3986 pro-su²

294 4053 354 4111 Iao
377 4052 495 4113 Raiue
516 4053 607 4112 misit.

293 4154 331 4213 In
352 4174 452 4214 ..car
472 4154 565 4214 latere
586 4172 677 4231 posse
698 4155 888 4215 decurionem
912 4155 1035 4215 adnotat
1056 4156 1161 4216 Raine.

210 4360 274 4422 18³
299 4364 369 4440 (ins.
392 4376 463 4442 post
484 4386 513 4424 n.
529 4363 615 4441 tta).
659 4366 800 4438 Eboraci,
826 4367 1029 4444 sarcophagus
1059 4366 1182 4442 pulcher
1203 4384 1266 4443 rep.
1289 4384 1316 4422 a.
1344 4365 1420 4425 1877
1444 4367 1474 4424 in
1497 4366 1541 4424 es·

252 4464 435 4526 fossionibus
457 4468 647 4539 suburbanis,
669 4467 829 4543 dequibus
845 4468 908 4526 dixi
931 4485 1023 4543 supra
1044 4487 1072 4544 p.
1092 4468 1165 4539 1133
1187 4468 1304 4527 litteras
1318 4468 1456 4527 dicuutur
1470 4486 1539 4526 esse

249 4567 381 4643 optimae
402 4578 433 4627 et
453 4569 600 4645 profunde
623 4568 745 4629 incisae.

629 4721 1114 4768 1Vt·fontvnstas·nomo

629 4823 835 4867 SARDINIA·
859 4824 1001 4868 Vfikssc·
1050 4824 1113 4870 010

629 4925 1113 4971 cantarnacontvncn

797 5027 940 5070 MARUO

287 5165 347 5226 lac.
369 5165 487 5226 Raine
508 5165 591 5225 misit
612 5165 766 5244 ediditque
787 5168 818 5226 iu
840 5164 1031 5244 ephemeride
1051 5164 1095 5226 Aa
