3510 5812
543 1945 1003 2093 noarulnaaul

465 2183 542 2265 AD
573 2183 833 2267 COR-POlllS
866 2185 982 2267 VOL.
1004 2184 1086 2266 Vll.

108 2560 230 2719 Quod
252 2631 381 2689 triennio
404 2640 473 2708 post
489 2634 626 2690 volumen
651 2634 785 2709 corporis
809 2634 967 2708 septimum
992 2632 1102 2689 editum
1117 2632 1168 2688 vix
1192 2632 1296 2706 elapso
1319 2632 1441 2708 supple-

108 2741 241 2791 mentum
271 2734 336 2793 eins
364 2735 411 2791 hic
438 2736 615 2812 proponitur
643 2735 746 2793 titulos
774 2735 929 2793 continens
956 2752 1058 2791 reeens
1086 2734 1218 2791 detectos
1247 2734 1315 2809 plus
1342 2734 1440 2790 minus

107 2837 337 2913 quinquaginta,
365 2838 395 2894 id
426 2838 534 2895 accidit
563 2857 629 2895 eum
657 2855 708 2893 ens
732 2837 908 2906 obeamus,
937 2854 1014 2911 qliae
1038 2837 1148 2911 ubique
1171 2836 1232 2893 lere
1255 2836 1440 2893 obtinentin

109 2937 272 3013 provinciis
287 2938 404 3014 imperii
420 2940 490 2996 olim
508 2940 647 3009 Bouiani,
671 2950 730 2997 tum
748 2949 871 3016 propter
886 2941 975 2996 hasce
990 2938 1065 2996 duas
1085 2938 1261 3014 peculiares.
1307 2939 1440 2995 Primum

108 3040 187 3097 enim
210 3058 283 3098 casu
306 3040 483 3100 factumest
506 3062 564 3100 non
588 3042 661 3100 eatis
685 3043 851 3112 commodo,
874 3040 952 3116 quod
975 3040 1114 3097 volumen
1137 3059 1233 3098 meum
1258 3040 1369 3115 prodiit
1391 3059 1441 3097 an-

107 3152 229 3217 tequam
252 3143 289 3200 ad
311 3144 399 3201 finem
416 3145 587 3220 perductum
605 3151 669 3202 erat
684 3143 810 3201 Brucii
833 3144 889 3200 mei
912 3138 1102 3219 ‘lapidariam
1127 3136 1383 3217 septentrionale’,
1406 3142 1442 3198 de

108 3260 170 3319 quo
192 3243 264 3302 olim
286 3243 349 3302 dixi
372 3246 402 3303 in
425 3248 559 3322 corporis
578 3245 714 3304 volvit
737 3264 765 3320 p.
783 3245 853 3317 106,
876 3264 970 3321 nuper
993 3244 1110 3320 plenius
1133 3244 1162 3301 in
1182 3243 1372 3319 ephemeride
1394 3244 1442 3300 lit-

108 3344 220 3404 teraria
241 3346 361 3406 lenensi
384 3366 410 3404 a.
431 3348 509 3405 1875
532 3369 560 3425 p.
578 3348 638 3405 868
652 3366 693 3405 ss.
738 3348 771 3405 In
795 3366 831 3404 ea
846 3356 944 3405 autem
968 3346 1093 3423 sylloge,
1115 3354 1204 3422 atque
1228 3347 1257 3403 iu
1279 3344 1443 3422 appendice

108 3446 174 3506 eius
211 3448 413 3523 potissimum,
455 3449 584 3526 scriptor
621 3470 680 3507 non
721 3468 817 3524 panca
856 3449 942 3507 edere
985 3449 1083 3524 putuit
1119 3458 1309 3506 nronumeuta
1346 3468 1364 3506 a
1396 3466 1443 3503 me

106 3549 240 3609 nondum
278 3550 353 3622 visa,
390 3569 468 3626 qnae
504 3570 540 3609 eo
571 3550 665 3627 magis
702 3551 750 3607 hic
787 3552 889 3626 putari
926 3568 994 3609 esse
1030 3549 1153 3621 edenda,
1191 3569 1250 3625 qum
1287 3550 1442 3626 pauciores

108 3650 187 3710 libro
216 3651 268 3708 illo
295 3652 325 3709 iu
349 3652 514 3712 Germania
540 3671 608 3711 raro
636 3654 678 3710 nti
703 3671 796 3728 posse
819 3653 964 3711 intellexi.
1009 3653 1094 3727 Siqui
1118 3670 1188 3709 cero
1211 3662 1312 3717 erunt,
1335 3651 1385 3726 qni
1408 3669 1443 3705 eo

109 3762 239 3817 utentur,
262 3773 364 3812 eorum
386 3755 589 3813 commoditati
614 3756 655 3811 ita
678 3755 849 3812 existimavi
866 3754 1078 3812 consulendum
1099 3771 1177 3815 esse,
1201 3764 1232 3811 ut
1251 3760 1443 3827 conspectum

110 3874 300 3914 numerorum
316 3856 380 3914 eius
397 3861 497 3933 crpreris
513 3865 752 3933 comparaturum
768 3876 834 3915 euru
851 3856 924 3913 meis
946 3856 992 3913 lrie
1016 3875 1213 3932 proponerem
1230 3855 1361 3931 plenum,
1384 3854 1444 3911 sci·

110 3956 180 4015 licet
196 3965 255 4015 tum
271 3958 425 4016 titulorum
442 3978 554 4030 corum,
578 3976 655 4034 quos
679 3960 810 4016 noudum
827 3959 912 4015 attuli
929 3976 1025 4031 neque
1048 3959 1077 4015 in
1100 3958 1166 4032 ipso
1183 3976 1272 4033 opere
1287 3967 1391 4030 ‘neque
1413 3956 1442 4012 in

112 4058 334 4129 additamentis,
346 4079 435 4137 quam
452 4060 644 4135 reliquorum.
668 4061 786 4118 Deinde
799 4080 870 4117 vero
886 4060 961 4117 illud
977 4060 1091 4116 accedit.
1105 4059 1148 4116 rei
1165 4059 1222 4133 ipsi
1235 4070 1322 4133 atque
1336 4057 1443 4114 doctri-

111 4178 170 4219 nae
184 4161 394 4238 epigraplricae
410 4162 612 4232 utilissimum,
635 4163 770 4239 syllegae
786 4182 856 4220 vero
873 4180 956 4220 meae
972 4161 1203 4231 incommodum,
1227 4159 1308 4234 <prod
1324 4159 1392 4216 inde
1407 4159 1445 4215 alr

112 4262 180 4338 ipso
192 4282 270 4320 anno
283 4262 565 4322 MDCCCLxxnl
579 4266 723 4323 stationes
736 4266 850 4338 aliquot
863 4264 934 4321 valli
950 4264 1117 4323 Britannici
1127 4272 1250 4337 coeptae
1267 4271 1339 4319 sunt
1352 4260 1444 4318 multo

113 4365 226 4424 maiore
248 4383 338 4441 quam
360 4366 458 4423 adhuc
487 4366 596 4425 factum
620 4376 684 4425 erat
706 4385 778 4424 eura
801 4366 952 4441 explorari
982 4377 1071 4441 utque
1094 4364 1182 4423 effudi
1206 4384 1259 4438 per
1281 4362 1444 4420 Iohannem

113 4462 330 4543 Cluytonem
353 4468 446 4526 civem
469 4470 680 4527 Aelianeusern
704 4469 739 4527 de
763 4489 793 4526 re
817 4468 1010 4545 epigruplrica
1033 4467 1139 4524 vallari
1163 4469 1274 4541 optime
1296 4465 1443 4522 meritum.

113 4566 162 4625 Ita
174 4566 290 4627 Cilurui
303 4569 482 4627 Proculitiue
496 4570 620 4627 aliarum
638 4572 798 4629 stationum
815 4570 892 4628 tituli
910 4571 979 4626 nori
995 4570 1169 4644 prodierunt
1183 4586 1236 4643 per
1252 4568 1307 4624 lros
1324 4566 1446 4624 ultimos
1493 4629 1499 4638 .

112 4689 209 4729 annos
232 4690 290 4728 non
313 4672 398 4748 pauci
422 4673 626 4748 prodeuntque
649 4692 744 4749 paene
767 4673 920 4742 continue;
948 4690 1022 4747 (prm
1052 4670 1153 4729 statim
1177 4688 1291 4727 meeum
1314 4688 1445 4726 commu-

114 4772 217 4831 nicare
238 4774 316 4832 solet
332 4773 431 4831 Brucii
447 4774 584 4832 officiosa
605 4775 750 4832 sollertia.
789 4774 934 4832 Similiter
957 4773 1023 4830 inde
1047 4770 1203 4829 abeodem
1226 4771 1288 4829 fere
1311 4780 1445 4846 tempore

114 4872 244 4932 Eboraci
268 4876 298 4932 in
314 4875 491 4934 effodiendis
508 4875 707 4934 fundamentis
724 4877 760 4934 ael
777 4895 884 4933 articam
902 4876 966 4931 riae
989 4874 1102 4932 ferreae
1126 4874 1284 4931 stationem
1308 4882 1446 4930 extruen-

115 4974 184 5033 dum
208 4976 284 5034 tituli
302 4976 414 5052 aliqum
430 4979 459 5034 in
475 4978 572 5036 lucem
589 4980 729 5053 protracti
747 4990 815 5035 snm
833 4977 999 5053 argumenti
1017 4977 1125 5052 partim
1143 4975 1262 5032 minime
1278 4976 1356 5032 vilis.
1402 4974 1446 5029 lta

116 5078 209 5155 igitur
229 5079 331 5137 omnia
353 5099 500 5137 unacum
523 5079 779 5137 emendationibus
802 5080 979 5154 quinusdam
1003 5079 1159 5136 lectionum
1177 5096 1309 5134 mearum
1331 5087 1445 5133 etcum

113 5178 369 5239 illustrationibus
392 5181 545 5238 titulorum
569 5182 605 5238 ab
629 5181 707 5249 aliis,
734 5181 824 5241 veluti
848 5200 867 5237 a
891 5179 1042 5239 Guilelmo
1062 5180 1271 5256 'l'lronrpson
1287 5176 1445 5243 Watlrin‚
