3510 5812
572 519 620 569 ua
646 519 875 571 resiliamus
903 521 1192 574 aveusrmnavs.
1471 505 1542 574 227

209 716 302 775 quam
335 697 442 755 mirum
477 697 606 754 fortasse
633 694 792 764 videbitur,
826 695 889 751 fieri
917 705 1015 754 tamen
1049 705 1127 754 certe
1153 696 1295 774 potuitl).
1346 695 1545 755 confirmatur

209 809 309 859 autam
331 799 405 857 haee
426 798 615 856 ratiocinatio
637 815 674 854 ca
694 816 726 854 re
749 797 829 872 quod
852 816 879 854 a.
905 798 962 856 186
987 796 1021 856 C.
1041 799 1166 856 Matium
1190 796 1339 857 Sullinum
1362 819 1378 855 e
1401 800 1544 859 saliorum

208 902 338 980 collegio
358 901 471 959 exiisse
492 901 523 956 in
547 899 632 957 fastis
653 898 796 974 legimus3
820 918 908 975 quem
927 897 1073 959 Sullinum
1095 900 1243 958 flaminem
1262 901 1411 959 Iulianum
1434 903 1543 959 facturn

210 1022 282 1064 esse
303 1002 410 1061 titulus
427 1001 628 1061 Gemonensis
650 1019 743 1077 supra
765 1019 794 1076 p.
811 999 871 1057 225
894 1002 1006 1060 relatus
1029 1003 1125 1060 docet.
1170 1003 1361 1079 Quamquam
1377 1005 1482 1062 mirum
1500 1015 1545 1061 ast

208 1106 241 1165 in
267 1106 355 1165 fastis
382 1104 501 1182 collegii
530 1104 568 1162 ad
596 1106 686 1162 rerba
712 1107 743 1161 ιἰι
765 1102 856 1161 locam
881 1104 911 1163 0.
934 1103 1021 1162 Metti
1044 1104 1154 1163 Sullini
1183 1124 1242 1163 nou
1269 1106 1453 1182 adscriptum
1477 1124 1544 1164 esso

212 1208 392 1267 vocabulum
407 1209 547 1282 flaminis.

295 1310 359 1368 Iam
383 1309 619 1367 demonstratum
641 1325 710 1366 esse
733 1316 805 1383 puto
820 1307 935 1367 Romae
951 1310 1086 1368 flamines
1109 1310 1246 1368 divorum
1267 1329 1327 1368 non
1350 1330 1366 1368 e
1389 1310 1542 1367 sodalibus

210 1429 280 1471 esse
310 1412 433 1481 electos,
463 1409 516 1468 sed
545 1410 684 1487 proprios
715 1429 751 1467 ae
781 1410 947 1486 singulares
976 1412 1069 1471 fuisse
1099 1413 1279 1470 sacerdotes.
1330 1410 1448 1484 Quodsi
1475 1414 1543 1488 quis

186 1514 389 1592 eogitaverit
416 1512 506 1571 talem
537 1512 630 1569 fuisso
658 1511 830 1569 flaminibus
858 1514 994 1572 divorum
1024 1533 1090 1572 cum
1120 1515 1275 1573 sodalibus
1304 1514 1542 1572 coniunctionem

211 1616 331 1693 qualem
358 1635 425 1675 oum
452 1613 644 1692 pontificibus
667 1612 750 1671 Diali
771 1615 903 1672 Martiali
926 1614 1075 1689 Quirinali
1102 1616 1274 1676 flaminibus
1299 1616 1394 1675 fuisse
1422 1617 1544 1687 seimus,

211 1718 265 1794 qui
289 1735 471 1794 quamquam
493 1736 589 1793 neque
611 1736 650 1774 ex
671 1717 865 1792 pontificibus
888 1718 1074 1795 eligebantur
1099 1737 1196 1794 neque
1217 1719 1374 1795 pontifices
1396 1720 1544 1777 vocaban-

210 1827 269 1891 tur,
299 1820 432 1879 attributi
462 1826 561 1877 tamen
591 1819 692 1894 aliquo
722 1820 810 1877 modo
839 1820 1033 1895 pontificibus
1063 1829 1152 1896 atque
1181 1822 1256 1880 adeo
1283 1821 1359 1880 iuter
1387 1821 1543 1898 pontifices

211 1918 345 1999 erant²):
374 1942 412 1981 ne
433 1922 490 1979 hoe
511 1921 630 1996 quidem
653 1922 774 1996 probari
803 1929 910 1998 potest.
956 1919 1033 1981 Sunt
1054 1923 1131 1980 enim
1156 1922 1289 1981 flamines
1310 1923 1444 1981 divorum
1468 1942 1543 1999 qnos

211 2042 279 2083 eum
302 2022 387 2082 nulla
408 2023 567 2082 sodalitate
590 2023 652 2081 ullo
675 2025 764 2082 modo
786 2025 961 2083 coniunctos
984 2025 1079 2082 fuisse
1102 2034 1213 2082 certum
1236 2024 1285 2094 sit,
1307 2024 1368 2082 divi
1390 2025 1460 2082 Iulii
1483 2024 1542 2082 diri

210 2124 332 2187 Narras
359 2125 419 2184 divi
445 2125 586 2196 Traiani3
613 2134 643 2183 et
669 2137 749 2184 certe
776 2127 855 2201 quod
881 2126 918 2183 ‹le
940 2125 1059 2185 Nervae
1081 2136 1111 2183 ct
1133 2126 1258 2183 Traiani
1278 2126 1449 2185 flaminibus
1472 2145 1543 2185 con-

211 2236 283 2299 stat,
309 2228 388 2287 idem
410 2227 490 2286 valet
517 2228 554 2285 de
581 2228 712 2286 omnium
741 2228 878 2287 divorum
900 2229 1080 2287 flaminibus.
1124 2229 1196 2287 Alia
1220 2246 1340 2304 quoquc
1361 2247 1394 2286 re
1415 2228 1470 2287 illa
1492 2229 1543 2286 lla·

210 2330 324 2389 minum
357 2348 423 2389 oum
457 2329 612 2389 sodalibus
646 2331 816 2389 coniunctio
849 2331 1006 2389 refellitur:
1041 2331 1119 2389 sieut
1149 2331 1226 2390 enim
1256 2330 1392 2390 flamines
1422 2329 1541 2388 Dialem

210 2432 381 2491 Martialem
404 2429 590 2504 Quirinalem
614 2452 631 2489 a
654 2434 800 2509 magistro
827 2433 944 2509 collegii
967 2433 1150 2509 pontificum,
1178 2432 1349 2509 pontificem
1379 2433 1541 2491 maximum

210 2533 289 2604 dieo,
311 2542 428 2593 creatos
452 2535 516 2592 sive
539 2544 638 2610 captos
660 2553 726 2593 esse
748 2535 910 2609 constat³)‚
933 2536 976 2592 ita
997 2536 1132 2593 divorum
1155 2552 1273 2610 qunque
1296 2535 1430 2592 flamines
1453 2555 1471 2591 a
1493 2553 1542 2592 so-

209 2636 322 2695 dalium
345 2637 491 2714 magistro
512 2649 617 2713 captos
641 2655 709 2695 esse
731 2639 818 2695 nobis
841 2637 1146 2709 essctstatuendrrn13
1177 2636 1257 2712 quod
1280 2636 1342 2693 fieri
1364 2654 1423 2693 non
1447 2636 1543 2710 potuit

210 2756 278 2797 eam
304 2739 427 2797 sodales
449 2739 635 2814 Augustales
662 2751 740 2799 certe
767 2760 824 2798 uon
853 2759 944 2798 unum
971 2741 1023 2798 sed
1051 2748 1111 2797 tres
1140 2739 1300 2814 magistros
1322 2738 1468 2797 haberent
1489 2737 1541 2811 (cf.

207 2858 239 2917 p.
256 2839 341 2916 209).
384 2841 427 2897 At
449 2842 512 2899 veri
535 2842 662 2900 similius
686 2843 803 2900 videtur
824 2842 960 2900 dirorum
980 2843 1115 2899 flamines
1137 2841 1240 2899 eadem
1262 2841 1378 2899 ratione
1399 2858 1461 2916 qua
1480 2850 1541 2896 tres

208 2942 348 3002 flamines
376 2944 504 3001 maiores
535 2962 601 3001 cum
630 2944 803 3021 pontificum
832 2944 961 3020 collegio
990 2944 1085 3003 fuisse
1112 2941 1316 3018 coniunctos⁴)
1345 2951 1435 3018 atque
1456 2942 1540 3018 ipsos

211 3062 331 3122 quoque
354 3064 372 3103 a
392 3046 533 3123 pontifice
555 3032 697 3118 maximo,
720 3047 749 3104 id
772 3054 819 3105 est
840 3047 877 3104 ab
899 3047 1091 3123 imperatore,
1114 3064 1182 3106 esse
1205 3044 1355 3121 captust).

293 3146 402 3207 Restat
422 3158 456 3205 ut
476 3148 595 3223 singula
616 3166 691 3222 quae
714 3148 751 3205 de
774 3149 909 3207 divorum
932 3151 1146 3223 imperatorum
1169 3148 1318 3207 demoniis
1341 3146 1452 3204 tradita
1473 3154 1542 3204 suut

209 3248 375 3308 exordiae
398 3269 542 3307 enarrem.
588 3249 726 3308 Dictator
745 3248 858 3309 Caesar
881 3251 967 3309 vivus
990 3252 1047 3308 sibi
1071 3252 1136 3326 ipse
1152 3252 1192 3308 Μ.
1208 3250 1374 3309 Antonium
1391 3248 1540 3306 flaminem

209 3351 323 3411 creavit
343 3350 385 3427 (a.
401 3350 523 3427 710)⁶).
567 3351 729 3411 Interfecto
753 3352 884 3412 Caesare
910 3372 977 3410 cum
1004 3352 1133 3410 nondum
1161 3354 1353 3429 inauguratus
1377 3360 1457 3409 esset
1479 3353 1541 3408 An·

209 3519 416 3529 ann—..n——-

289 3640 313 3705 ¹)
351 3644 454 3694 Pestem
473 3644 519 3693 illo
539 3650 653 3708 tempore
673 3646 711 3695 uel
733 3646 845 3695 maxime
864 3652 1021 3709 grassantem
1042 3646 1069 3695 in
1090 3659 1167 3695 causa
1185 3645 1264 3695 fuisse
1283 3644 1416 3709 probabile
1435 3651 1481 3693 est.

289 3731 314 3796 ²)
352 3736 505 3801 Marquardt
523 3734 627 3797 4‚19·2.
648 3738 710 3787 269.

287 3823 313 3887 ⁸)
350 3827 495 3878 Mommsen
516 3824 675 3878 Stautsrecltt
695 3831 720 3890 2,
736 3828 779 3877 23.
816 3829 970 3891 Marquardt
989 3831 1015 3888 4,
1031 3830 1092 3878 244.

287 3917 313 3978 ⁴)
351 3917 513 3985 Quamquam
533 3936 580 3985 pro
600 3929 669 3969 certo
688 3920 737 3969 hoe
757 3936 808 3969 non
828 3920 1024 3981 affirmaverim
1049 3919 1151 3968 obstare
1175 3920 1243 3967 euim
1264 3919 1384 3968 ridentur
1402 3918 1469 3966 tituli
1488 3919 1540 3967 Ve-

209 4010 328 4061 ronensis
347 4026 425 4076 supra
443 4029 469 4077 p.
484 4012 536 4062 225
557 4014 630 4062 relati
644 4013 735 4062 rerba:
748 4010 886 4078 staminiis)
899 4011 1080 4077 Aaptaatuliu),
1096 4047 1102 4060 .
1118 4048 1124 4061 .
1139 4009 1328 4077 .poutr'j(icr'a);
1348 4011 1458 4060 maiores
1472 4018 1540 4060 certe

210 4100 336 4162 flamines,
363 4120 421 4153 cum
445 4105 498 4155 iam
523 4122 554 4154 co
579 4107 683 4154 nomine
708 4106 775 4154 inter
800 4104 934 4169 pontifices
953 4106 1012 4164 siut,
1038 4104 1172 4169 pontifices
1192 4105 1280 4153 vocari
1298 4120 1350 4154 riou
1370 4112 1478 4168 possunt
1497 4102 1540 4160 (cf.

209 4194 293 4245 Bardt
313 4194 354 4244 die
373 4194 486 4246 Prr'ester
505 4196 551 4246 der
569 4198 624 4247 efer
641 4214 744 4264 pressea
768 4196 896 4263 t'offeqr'ea
915 4214 940 4262 p.
955 4198 1009 4259 38).
1047 4198 1168 4247 Fortasse
1192 4197 1269 4261 igitur
1292 4199 1344 4246 iam
1369 4202 1540 4260 exauguratus

210 4294 269 4336 erat
287 4287 380 4337 flamen
399 4290 444 4338 ille
463 4291 621 4354 Augustalis,
643 4306 701 4339 cum
720 4290 838 4355 pontifex
858 4291 941 4340 factus
961 4297 1006 4339 cst.

289 4377 313 4440 ⁵)
352 4381 472 4431 Cetemm
497 4399 549 4431 uon
574 4384 611 4432 ita
634 4389 757 4448 aequatos
783 4398 838 4432 csse
862 4391 924 4447 puto
949 4383 1065 4433 flantiucs
1085 4383 1203 4431 divorum
1225 4381 1371 4431 flaminibus
1389 4380 1538 4440 maioribus,

209 4476 238 4521 ut
257 4472 354 4534 omnia,
374 4489 440 4537 quae
459 4474 491 4523 de
505 4474 647 4525 maioribus
670 4477 802 4525 constituit
820 4476 941 4540 religiosa
960 4476 1107 4540 antiquitas,
1129 4474 1206 4524 ctiam
1226 4473 1344 4523 dirorum
1358 4473 1475 4523 flamines
1495 4470 1540 4519 ob·

209 4570 354 4626 servarent3
378 4571 446 4615 certe
471 4566 588 4617 flamines
613 4568 731 4617 divorum
751 4584 784 4617 ex
804 4568 973 4617 confarreatis
999 4568 1094 4631 rurptiis
1119 4574 1267 4630 procreatos
1291 4580 1346 4615 esse
1364 4578 1468 4614 necesse
1487 4576 1540 4613 non

209 4654 268 4717 fuit,
288 4672 345 4705 cum
365 4656 447 4707 Gaius
469 4661 491 4718 l,
510 4661 561 4709 112
581 4660 614 4709 de
632 4660 705 4710 Diali
726 4661 841 4709 Martiali
862 4658 990 4720 Quirinali
1009 4667 1109 4709 tautum
1129 4658 1276 4707 flaminibus
1295 4656 1374 4707 uerba
1391 4656 1478 4707 faciat.

286 4746 311 4810 ⁶)
349 4749 422 4802 Suet.
442 4750 516 4801 Caes.
538 4753 586 4801 76:
621 4752 746 4819 ornatiora
770 4754 844 4802 eliam
869 4750 974 4801 Ιιιιιιιαιιο
990 4752 1101 4817 Jasn'pio
1128 4749 1229 4800 decerni
1251 4747 1538 4816 affligemensem...

209 4839 308 4907 templo,
329 4858 398 4902 aros,
414 4878 420 4892 .
435 4878 442 4892 .
457 4878 463 4891 .
470 4843 607 4909 Jfaurbrem.
644 4845 697 4894 Diu
717 4846 761 4903 44,
777 4846 807 4894 G:
832 4841 871 4894 καὶ
885 4840 963 4900 τέλος
977 4839 1032 4891 Δία
1046 4860 1072 4890 τι
1085 4832 1158 4891 critob
1171 4828 1404 4907 dvrrxpric’lou'ltrer
1416 4827 1540 4910 προσηγὸ-

211 4947 300 4998 procas
317 4931 356 4982 nal
370 4921 427 4983 ναδν
441 4926 506 4999 ariaci
524 4935 555 5006 τῇ
574 4930 595 4984 τ’
609 4928 727 5000 ἐπιεικείᾳ
746 4932 822 4987 αὐτοῦ
839 4934 1017 5005 τεμενισθῆναι
1037 4931 1151 5003 ἔγνωσαν,
1174 4930 1241 5001 tepla
1261 4926 1338 5001 aplos
1356 4922 1400 4983 aab
1411 4923 1541 4984 'Artabron

212 5010 293 5091 ὅπερ
306 5013 360 5075 sauci
374 5015 487 5075 Διᾶλιον
500 5017 731 5098 προχειρισάμενοι.
773 5031 826 5080 Cic.
846 5031 959 5094 Philipp.
981 5031 1064 5091 2,43,
1082 5030 1147 5078 11οι
1171 5033 1208 5076 est
1230 5042 1290 5093 erqo
1302 5025 1405 5093 flamen,
1427 5033 1454 5074 at
1474 5024 1539 5087 Iurvi,

209 5122 237 5165 at
254 5114 347 5181 Marti,
366 5126 393 5167 ut
413 5120 528 5180 Quirino,
549 5121 586 5170 sic
605 5120 665 5172 dieo
685 5121 752 5172 Iulio
773 5120 810 5171 M.
824 5122 956 5170 Autom'us.
977 5120 1012 5170 ib.
1035 5122 1076 5183 13,
1091 5123 1135 5183 21,
1151 5123 1198 5172 47ι
1213 5156 1220 5170 .
1235 5156 1261 5170 ..
1279 5117 1383 5181 Caesar,
1404 5118 1474 5167 caius
1491 5133 1538 5184 po·

211 5208 260 5258 tris
271 5208 366 5275 flamen
386 5216 431 5262 eat.
470 5212 511 5263 Cf.
530 5213 667 5264 Drnmann
689 5215 771 5276 1,77.
792 5213 817 5278 3,
834 5213 895 5264 666.
