3510 5812
207 537 255 607 88
637 555 942 605 annrmnan'rrn
972 555 1054 605 von
1078 556 1105 605 11

931 656 1092 664 -—-—--

208 729 405 799 commodam,
428 728 516 785 buius
540 727 658 785 demum
681 727 750 784 anni
774 736 888 785 aestate
909 727 970 785 iarn
991 734 1134 804 provecta
1156 727 1274 784 tandem
1301 726 1331 783 in
1354 745 1390 783 eo
1413 744 1546 797 eramus,

208 841 241 888 ut
267 832 393 907 pretium
422 829 458 885 de
487 849 545 905 qno
573 840 752 888 convenerat
779 829 946 888 solveretur
979 829 1155 904 tabulaeque
1184 828 1221 886 ad
1254 847 1310 886 nos
1342 827 1546 900 deferrentur3

207 952 274 991 cum
302 932 516 991 intercessione
546 932 646 989 subita
677 943 767 1007 atque
794 931 983 1007 inexpectata
1013 932 1064 1007 qui
1091 932 1121 989 iu
1148 930 1298 1006 Hispania
1325 931 1546 989 institutionem

208 1034 360 1112 publicam
389 1035 561 1110 cultumque
589 1052 707 1093 sacrum
735 1035 838 1092 fovent
864 1035 1058 1110 magistratus
1086 1033 1218 1108 supremi
1246 1033 1352 1110 pretio,
1378 1032 1459 1109 quod
1487 1049 1545 1090 nos

209 1136 382 1213 praestituri
410 1155 530 1194 eramus
560 1136 604 1210 (et
630 1136 710 1212 quod
737 1135 871 1209 excedit)
899 1136 1027 1194 Martiuo
1057 1136 1177 1195 Oeariae
1205 1134 1304 1193 soluto
1331 1134 1450 1193 tabulas
1472 1152 1546 1193 suas

209 1239 344 1297 iecerunt
377 1257 490 1313 nosque
524 1239 560 1294 de
594 1239 667 1309 voti,
700 1239 746 1296 eui
782 1239 841 1295 iam
870 1238 980 1295 fiducia
1007 1258 1042 1296 ac
1071 1238 1162 1296 robur
1191 1248 1370 1309 accesserat,
1399 1236 1547 1295 felicitate

210 1341 389 1398 deiecerunt.
432 1343 533 1415 Atque
568 1340 686 1416 publice
719 1341 832 1398 servari
860 1350 1052 1398 monumenta
1082 1340 1136 1397 illa
1165 1338 1297 1414 iusignia
1328 1338 1358 1395 in
1385 1337 1546 1413 Hispania,

210 1443 260 1501 ubi
288 1451 407 1518 reperta
433 1452 513 1515 sunt,
547 1454 781 1500 eurisentaneum
814 1461 886 1500 saue
915 1450 960 1499 est
993 1461 1089 1518 neque
1117 1441 1286 1498 invidemus
1320 1461 1356 1498 ea
1375 1439 1546 1516 ·Hispauis;

211 1554 316 1602 contra
344 1544 533 1602 vehementer
565 1551 715 1621 optamus,
748 1556 780 1602 ut
812 1545 900 1602 ctiam
927 1545 1060 1619 reliquae
1088 1542 1221 1601 eiusdem
1254 1542 1331 1620 legis
1359 1541 1547 1602 Ursouensis

212 1655 314 1724 partes
343 1658 373 1704 et
399 1665 593 1723 quaecunque
621 1655 774 1721 praeterea
803 1656 855 1703 aut
883 1647 977 1704 latent
1004 1646 1034 1703 in
1062 1645 1234 1721 regionibus
1264 1644 1326 1702 illis
1348 1645 1550 1702 instrumenta

212 1749 376 1806 vetustatis
396 1758 447 1806 aut
466 1760 622 1807 servantur
640 1748 822 1825 privatorum
847 1750 1000 1806 homiuum
1024 1767 1095 1805 cura
1113 1746 1173 1804 lida
1193 1747 1312 1822 quidem
1332 1757 1361 1804 et
1380 1745 1548 1817 commoda,

215 1870 311 1927 neque
329 1869 400 1907 vero
416 1850 565 1920 diuturna,
588 1870 624 1908 ea
644 1851 735 1926 igitur
750 1852 849 1908 omnia
865 1858 1004 1927 optamus
1021 1861 1053 1907 ut
1069 1859 1222 1908 transeant
1236 1849 1267 1906 in
1282 1849 1432 1924 publicam
1448 1858 1549 1907 custo-

217 1953 297 2010 diam
317 1952 411 2010 musei
432 1952 652 2028 arclraeologici
668 1953 862 2012 Matritensis.
907 1952 1111 2011 intercedente
1127 1970 1197 2009 vero
1215 1964 1332 2010 oratore
1347 1960 1451 2010 nostro
1466 1949 1550 2028 apud

213 2072 312 2129 regem
329 2053 495 2128 Hispaniae
519 2064 549 2111 et
570 2055 800 2112 concedentibus
824 2054 1050 2131 magistratibus
1068 2053 1213 2128 Hispanis
1236 2073 1272 2111 ea
1293 2071 1384 2128 quam
1406 2060 1550 2128 expecta-

214 2158 321 2214 bamus
347 2155 527 2213 liberalitate
553 2167 661 2233 ectypa
687 2158 842 2233 utriusque
868 2156 988 2214 tabulae
1011 2157 1125 2231 optima
1147 2155 1185 2213 ad
1207 2174 1262 2212 uos
1284 2155 1400 2231 perlata
1422 2163 1500 2225 sunt,
1531 2173 1550 2211 e

215 2259 325 2333 quibus
349 2256 436 2315 edere
459 2274 510 2314 eas
539 2257 610 2315 licet
631 2278 725 2335 paene
752 2259 855 2318 eadem
878 2277 968 2334 (quam
991 2277 1029 2315 ex
1052 2257 1225 2334 archetypis
1247 2257 1316 2315 lide.
1361 2255 1448 2329 Quae
1470 2256 1550 2314 euim

215 2359 246 2417 in
270 2360 384 2434 ectypis
408 2358 456 2416 hle
479 2358 541 2415 illic
566 2360 697 2418 fortasse
719 2380 790 2419 casu
812 2382 871 2418 uon
893 2359 1100 2436 exprimuntur
1120 2370 1229 2435 puncta
1251 2359 1366 2434 aliquot
1386 2358 1435 2417 vel
1455 2357 1550 2416 lineo·

218 2460 265 2518 lae
288 2460 424 2536 graciles,
448 2480 484 2517 ea
505 2462 605 2519 omnia
627 2470 698 2520 suut
720 2464 833 2521 minimi
856 2463 1011 2532 momenti;
1034 2462 1126 2519 totius
1149 2461 1314 2536 scriptur-ae
1334 2459 1494 2536 dispositio
1516 2478 1554 2518 ac

218 2563 315 2620 forma
337 2562 529 2638 singulaeque
551 2563 668 2622 litterae
691 2584 794 2624 omues
817 2576 877 2623 tum
900 2564 980 2622 clare
1002 2573 1031 2621 et
1053 2571 1132 2620 certe
1154 2563 1386 2638 distinguuntur,
1416 2571 1448 2619 ut
1470 2560 1555 2619 nulla

217 2664 337 2721 omuino
360 2674 453 2722 restet
475 2664 632 2722 dubitatio.
676 2667 711 2723 Id
734 2675 848 2725 tautum
871 2667 968 2724 dicere
991 2684 1049 2724 nou
1072 2681 1234 2740 possumus
1251 2674 1347 2723 utrum
1365 2663 1553 2740 marginibus

216 2765 342 2840 integris
363 2774 500 2823 servatae
523 2766 583 2824 siut
606 2767 726 2825 tabulae
745 2769 832 2826 ambo
849 2769 980 2826 alterave
997 2778 1062 2826 utra
1077 2786 1182 2838 necne;
1205 2765 1281 2824 illud
1297 2775 1396 2824 autem
1411 2765 1553 2841 probabi·

216 2867 275 2925 lius
299 2878 359 2936 est,
388 2867 527 2925 videlicet
543 2868 727 2944 marginibus
751 2889 802 2928 eas
824 2890 933 2928 carere.
978 2868 1056 2928 Nam
1080 2888 1157 2945 quae
1178 2869 1296 2947 integra
1318 2877 1402 2927 extat
1417 2867 1554 2926 Malacae

219 2968 300 3044 apud
317 2968 465 3025 Heredias
488 2987 672 3044 quamquam
694 2969 818 3028 induas
839 2972 1002 3049 particulas
1024 2972 1119 3029 fracta
1140 2970 1253 3041 tabula,
1275 2979 1308 3028 ut
1322 2988 1378 3029 nos
1399 2978 1555 3047 putamus,

220 3070 378 3128 universae
403 3070 479 3146 legis
507 3070 634 3146 septima
660 3070 830 3146 (continens
859 3073 912 3132 illa
938 3074 1037 3150 capita
1062 3073 1138 3150 legis
1163 3070 1237 3131 XCI
1262 3072 1298 3130 ad
1327 3070 1425 3148 CVI),
1457 3091 1494 3130 ea
1521 3081 1555 3129 ut

219 3189 312 3247 supra
334 3172 435 3229 monui
458 3172 590 3247 quinque
613 3172 726 3248 scripta
747 3182 792 3231 est
814 3175 945 3250 paginis;
972 3193 1076 3233 recens
1104 3184 1239 3250 repertae
1266 3174 1341 3232 duae
1364 3184 1463 3232 ternas
1486 3182 1553 3233 tan·

219 3284 282 3330 tum
306 3272 416 3332 babent
437 3274 575 3350 paginas,
599 3284 631 3331 ut
652 3292 748 3334 nonae
770 3277 829 3333 iam
853 3286 941 3335 notae
956 3288 1101 3353 quantum
1125 3283 1269 3353 superest.
1314 3273 1393 3336 Saue
1415 3294 1553 3335 necessa·

219 3375 296 3433 rium
329 3393 390 3432 nori
423 3386 468 3433 est
502 3384 535 3432 ut
567 3382 735 3434 statuamus
768 3378 886 3436 tabulas
913 3380 1047 3455 singulas
1075 3396 1178 3436 ornnes
1207 3377 1404 3453 aequabiliter
1425 3377 1555 3455 scriptas

220 3476 315 3534 fuisse
338 3476 455 3551 paginis
478 3478 592 3553 quinis;
616 3488 775 3553 potuerunt
797 3481 912 3555 aliquot
934 3501 1034 3539 earum
1059 3482 1189 3557 scriptae
1215 3480 1306 3538 fuisse
1334 3481 1449 3539 minore
1469 3481 1555 3558 pagi·

220 3596 325 3636 irarum
348 3596 472 3636 numero
494 3579 649 3637 autetiam
667 3581 787 3639 maiore.
832 3580 889 3641 Sed
914 3581 939 3639 si
961 3583 1080 3641 suerunt
1095 3582 1252 3658 quinarum
1267 3583 1444 3659 paginarum
1461 3583 1555 3641 etiam

222 3680 278 3737 bae
301 3687 434 3739 recentes
451 3714 487 3723 —
506 3690 537 3738 ut
557 3681 652 3740 fuisso
666 3701 718 3740 eas
740 3684 894 3759 probabile
916 3703 982 3743 esse
1004 3685 1171 3744 iudicamus
1188 3717 1241 3754 -,
1266 3694 1326 3743 tum
1341 3704 1464 3744 mancae
1484 3693 1556 3744 sunt

221 3782 336 3839 ratione
363 3801 422 3839 non
451 3783 611 3858 aequabili.
661 3782 882 3844 Continuantur
910 3787 987 3845 euim
1014 3788 1044 3845 in
1073 3787 1116 3844 eis
1145 3787 1244 3863 capita
1269 3785 1345 3863 legis
1372 3807 1391 3844 a
1415 3786 1490 3845 LXI
1517 3786 1557 3846 ad

223 3883 377 3941 LXXXII
399 3883 450 3955 ita,
475 3894 507 3941 ut
529 3884 559 3942 in
576 3885 669 3944 altera
691 3886 830 3964 legantur
844 3890 944 3967 capita
957 3907 1063 3948 noveru
1077 3908 1172 3963 paene
1193 3889 1311 3965 integra
1332 3889 1556 3966 sexagesimum

222 3986 349 4061 primum
373 3985 411 4042 ad
434 3986 782 4066 uudesoptuagesimum,
809 3990 840 4048 in
863 3992 958 4049 altera
983 3991 1151 4062 duodecim,
1178 3989 1231 4049 scd
1253 4009 1291 4048 cx
1313 3998 1398 4066 parte
1420 3990 1556 4065 brevius·

223 4086 305 4160 cula,
337 4106 355 4143 a
378 4089 601 4166 septuagesimo
629 4091 668 4148 ad
693 4092 908 4168 octogesimum
936 4093 1109 4152 secuudum.
1153 4094 1258 4169 ltaque
1284 4093 1362 4150 inter
1392 4094 1558 4152 recentium

222 4190 358 4261 alteram,
391 4207 468 4265 quae
497 4191 607 4249 desiuit
636 4193 666 4249 in
697 4192 794 4269 eapite
815 4193 978 4265 LXXXII,
1012 4203 1042 4252 et
1074 4195 1132 4252 iarn
1165 4203 1265 4253 uotam
1300 4193 1429 4270 priorem
1463 4195 1558 4271 (qaae

225 4291 311 4350 nobis
333 4301 381 4349 est
402 4293 529 4368 septima
550 4293 639 4371 legis)
665 4293 774 4351 desunt
799 4293 898 4370 capita
923 4314 1030 4353 novem
1057 4296 1094 4353 ab
1122 4297 1303 4372 octogesimo
1329 4296 1418 4354 tertio
1444 4296 1483 4356 ad
1504 4315 1558 4355 no·

223 4393 408 4470 nagcsimum
424 4395 563 4471 primum,
588 4413 680 4469 aquo
696 4405 824 4452 exeunte
842 4395 948 4471 incipit
962 4416 1037 4472 quae
1052 4397 1185 4472 sequitur
1207 4398 1319 4457 tabula.
1362 4399 1560 4459 Manifestum

224 4495 315 4573 igitur
341 4504 389 4554 est
415 4514 474 4552 uon
502 4496 633 4554 tabulam
660 4497 817 4572 integram,
844 4497 896 4555 sed
922 4509 1039 4572 partem
1066 4501 1331 4567 tantum.duarum
1355 4502 1403 4561 vel
1425 4501 1560 4560 maxime

225 4597 313 4654 trium
343 4597 520 4672 paginarum
551 4598 591 4656 ibi
622 4597 818 4656 intercidisse.
863 4597 981 4657 Tabula
1011 4600 1102 4677 igitur
1132 4602 1217 4678 legis,
1247 4622 1324 4678 quac
1357 4613 1445 4662 sexta
1477 4603 1561 4661 vide·

225 4707 274 4753 tur
295 4697 397 4767 fuisse,
421 4710 450 4757 et
470 4699 538 4775 ipsa
552 4700 712 4774 quinarum
727 4700 904 4778 paginarum
926 4702 1021 4761 inisse
1036 4704 1142 4778 potuit.
1187 4701 1272 4775 Quae
1286 4705 1439 4781 praecedit
1452 4705 1563 4781 quinta

226 4810 287 4857 tum
310 4799 480 4858 necessario
503 4801 608 4875 eapite,
632 4820 690 4860 nou
714 4803 773 4860 fine
796 4812 932 4862 truncata
954 4823 1020 4863 esse
1043 4804 1199 4863 statuenda
1220 4815 1279 4876 est;
1302 4807 1328 4863 si
1350 4807 1414 4864 eius
1437 4825 1563 4884 quoque

226 4901 379 4976 perierunt
399 4901 529 4978 paginae
543 4902 629 4975 duae,
652 4904 784 4982 incipere
807 4905 877 4964 illae
892 4912 1051 4980 potueruut
1069 4908 1129 4964 sere
1148 4927 1167 4965 a
1184 4907 1282 4982 eapite
1297 4908 1564 4984 quinquagesimo.

225 4999 268 5060 Ut
290 5020 349 5060 uno
371 5003 476 5060 obtutu
498 5005 698 5080 perspiciatur
719 5018 793 5082 quot
815 5006 932 5065 tabulae
955 5017 1093 5067 servatae
1116 5009 1177 5066 sint
1191 5016 1320 5085 quotque
1343 5011 1499 5087 probabile
1521 5015 1566 5072 sit

225 5090 361 5181 periisse,
384 5104 484 5163 addidi
507 5107 666 5183 imaginem
689 5109 766 5167 hanc
787 5108 866 5168 infra
886 5109 1025 5185 positam.
