<?xml version="1.0" encoding="UTF-8"?>
<!DOCTYPE html PUBLIC "-//W3C//DTD XHTML 1.0 Transitional//EN"
    "http://www.w3.org/TR/xhtml1/DTD/xhtml1-transitional.dtd">
<html xmlns="http://www.w3.org/1999/xhtml" xml:lang="en" lang="en">
 <head>
  <title>
</title>
<meta http-equiv="Content-Type" content="text/html;charset=utf-8" />
  <meta name='ocr-system' content='tesseract 3.04.00' />
  <meta name='ocr-capabilities' content='ocr_page ocr_carea ocr_par ocr_line ocrx_word'/>
</head>
<body>
  <div class='ocr_page' id='page_1' title='image "./ephemerisepigra02instgoog_0126.png"; bbox 0 0 3510 5812; ppageno 0'>
   <div class='ocr_carea' id='block_1_1' title="bbox 607 496 1492 564">
    <p class='ocr_par' dir='ltr' id='par_1_1' title="bbox 607 496 1492 564">
     <span class='ocr_line' id='line_1_1' title="bbox 607 496 1492 564; baseline 0.003 -3"><span class='ocrx_word' id='word_1_1' title='bbox 607 514 681 561; x_wconf 77' lang='lat' dir='ltr'><strong>unx</strong></span> <span class='ocrx_word' id='word_1_2' title='bbox 709 511 789 562; x_wconf 82' lang='lat' dir='ltr'><strong>cau.</strong></span> <span class='ocrx_word' id='word_1_3' title='bbox 820 513 1042 562; x_wconf 63' lang='lat' dir='ltr'><strong>(temeramus.</strong></span> <span class='ocrx_word' id='word_1_4' title='bbox 1422 496 1492 564; x_wconf 82' lang='lat'><strong>109</strong></span> 
     </span>
    </p>
   </div>
   <div class='ocr_carea' id='block_1_2' title="bbox 247 637 1639 768">
    <p class='ocr_par' dir='ltr' id='par_1_2' title="bbox 247 637 1639 768">
     <span class='ocr_line' id='line_1_2' title="bbox 1556 654 1639 673; baseline 0 0"><span class='ocrx_word' id='word_1_5' title='bbox 1556 654 1563 673; x_wconf 55' lang='lat' dir='ltr'>r</span> <span class='ocrx_word' id='word_1_6' title='bbox 1582 654 1585 663; x_wconf 85' lang='lat'><em>·</em></span> <span class='ocrx_word' id='word_1_7' title='bbox 1631 664 1639 673; x_wconf 94' lang='lat'>.</span> 
     </span>
     <span class='ocr_line' id='line_1_3' title="bbox 247 637 1639 768; baseline -0.001 -24"><span class='ocrx_word' id='word_1_8' title='bbox 247 686 294 744; x_wconf 90' lang='lat' dir='ltr'><strong>De</strong></span> <span class='ocrx_word' id='word_1_9' title='bbox 316 686 547 762; x_wconf 80' lang='lat' dir='ltr'>magistratuum</span> <span class='ocrx_word' id='word_1_10' title='bbox 570 686 633 744; x_wconf 89' lang='lat' dir='ltr'><strong>iure</strong></span> <span class='ocrx_word' id='word_1_11' title='bbox 656 687 823 763; x_wconf 84' lang='lat' dir='ltr'><strong>officiisque</strong></span> <span class='ocrx_word' id='word_1_12' title='bbox 846 695 963 762; x_wconf 89' lang='lat' dir='ltr'><strong>praeter</strong></span> <span class='ocrx_word' id='word_1_13' title='bbox 985 705 1119 762; x_wconf 87' lang='lat' dir='ltr'><strong>eaquae</strong></span> <span class='ocrx_word' id='word_1_14' title='bbox 1141 704 1233 762; x_wconf 87' lang='lat' dir='ltr'><strong>supra</strong></span> <span class='ocrx_word' id='word_1_15' title='bbox 1254 687 1313 745; x_wconf 87' lang='lat' dir='ltr'><strong>iam</strong></span> <span class='ocrx_word' id='word_1_16' title='bbox 1331 688 1492 763; x_wconf 82' lang='lat' dir='ltr'><strong>tetigimus,</strong></span> <span class='ocrx_word' id='word_1_17' title='bbox 1502 637 1639 768; x_wconf 36' lang='lat' dir='ltr'><strong>3133:ssss</strong></span> 
     </span>
    </p>
   </div>
   <div class='ocr_carea' id='block_1_3' title="bbox 161 788 1647 2606">
    <p class='ocr_par' dir='ltr' id='par_1_3' title="bbox 161 788 1647 1390">
     <span class='ocr_line' id='line_1_4' title="bbox 161 788 1591 865; baseline 0.001 -16"><span class='ocrx_word' id='word_1_18' title='bbox 161 810 221 849; x_wconf 90' lang='lat' dir='ltr'><strong>non</strong></span> <span class='ocrx_word' id='word_1_19' title='bbox 248 789 343 846; x_wconf 90' lang='lat' dir='ltr'><strong>multa</strong></span> <span class='ocrx_word' id='word_1_20' title='bbox 370 807 409 845; x_wconf 83' lang='lat' dir='ltr'><strong>cx</strong></span> <span class='ocrx_word' id='word_1_21' title='bbox 436 788 483 844; x_wconf 91' lang='lat' dir='ltr'><strong>his</strong></span> <span class='ocrx_word' id='word_1_22' title='bbox 512 789 659 864; x_wconf 81' lang='lat' dir='ltr'>capitibus</span> <span class='ocrx_word' id='word_1_23' title='bbox 682 807 760 846; x_wconf 80' lang='lat' dir='ltr'><strong>noua</strong></span> <span class='ocrx_word' id='word_1_24' title='bbox 782 799 944 865; x_wconf 80' lang='lat' dir='ltr'><strong>emergunt.</strong></span> <span class='ocrx_word' id='word_1_25' title='bbox 989 788 1161 846; x_wconf 74' lang='lat' dir='ltr'><strong>Notandum</strong></span> <span class='ocrx_word' id='word_1_26' title='bbox 1189 802 1235 846; x_wconf 90' lang='lat' dir='ltr'><strong>est</strong></span> <span class='ocrx_word' id='word_1_27' title='bbox 1256 809 1281 846; x_wconf 93' lang='lat' dir='ltr'><strong>c.</strong></span> <span class='ocrx_word' id='word_1_28' title='bbox 1302 789 1421 847; x_wconf 83' lang='lat' dir='ltr'>Lxxv</span> <span class='ocrx_word' id='word_1_29' title='bbox 1445 790 1493 848; x_wconf 90' lang='lat' dir='ltr'><strong>de·</strong></span> <span class='ocrx_word' id='word_1_30' title='bbox 1550 803 1591 850; x_wconf 81' lang='lat' dir='ltr'><strong>eia</strong></span> 
     </span>
     <span class='ocr_line' id='line_1_5' title="bbox 161 889 1647 967; baseline -0.007 -18"><span class='ocrx_word' id='word_1_31' title='bbox 161 889 304 950; x_wconf 89' lang='lat' dir='ltr'><strong>moliendi</strong></span> <span class='ocrx_word' id='word_1_32' title='bbox 327 890 457 948; x_wconf 87' lang='lat' dir='ltr'><strong>aedilicii</strong></span> <span class='ocrx_word' id='word_1_33' title='bbox 478 899 582 948; x_wconf 87' lang='lat' dir='ltr'><strong>contra</strong></span> <span class='ocrx_word' id='word_1_34' title='bbox 604 891 700 966; x_wconf 82' lang='lat' dir='ltr'><strong>legem</strong></span> <span class='ocrx_word' id='word_1_35' title='bbox 723 892 794 948; x_wconf 82' lang='lat' dir='ltr'><strong>tacu</strong></span> <span class='ocrx_word' id='word_1_36' title='bbox 818 892 863 949; x_wconf 86' lang='lat' dir='ltr'><strong>ins</strong></span> <span class='ocrx_word' id='word_1_37' title='bbox 886 911 944 950; x_wconf 92' lang='lat' dir='ltr'><strong>non</strong></span> <span class='ocrx_word' id='word_1_38' title='bbox 968 901 1081 949; x_wconf 87' lang='lat' dir='ltr'><strong>tantum</strong></span> <span class='ocrx_word' id='word_1_39' title='bbox 1105 891 1252 950; x_wconf 82' lang='lat' dir='ltr'><strong>aedilibus</strong></span> <span class='ocrx_word' id='word_1_40' title='bbox 1275 893 1406 965; x_wconf 89' lang='lat' dir='ltr'><strong>concedi,</strong></span> <span class='ocrx_word' id='word_1_41' title='bbox 1434 896 1546 967; x_wconf 77' lang='lat' dir='ltr'><strong>quunu</strong></span> <span class='ocrx_word' id='word_1_42' title='bbox 1560 895 1647 942; x_wconf 84' lang='lat' dir='ltr'><strong>‹temo-</strong></span> 
     </span>
     <span class='ocr_line' id='line_1_6' title="bbox 163 978 1606 1070; baseline -0.001 -19"><span class='ocrx_word' id='word_1_43' title='bbox 163 993 202 1051; x_wconf 86' lang='lat' dir='ltr'><strong>dc</strong></span> <span class='ocrx_word' id='word_1_44' title='bbox 222 1013 254 1051; x_wconf 90' lang='lat' dir='ltr'><strong>re</strong></span> <span class='ocrx_word' id='word_1_45' title='bbox 276 993 351 1050; x_wconf 92' lang='lat' dir='ltr'><strong>satis</strong></span> <span class='ocrx_word' id='word_1_46' title='bbox 374 1000 492 1051; x_wconf 88' lang='lat' dir='ltr'><strong>constat</strong></span> <span class='ocrx_word' id='word_1_47' title='bbox 514 992 556 1067; x_wconf 78' lang='lat' dir='ltr'><strong>(a.</strong></span> <span class='ocrx_word' id='word_1_48' title='bbox 581 992 760 1052; x_wconf 78' lang='lat' dir='ltr'><strong>Seaaacreett</strong></span> <span class='ocrx_word' id='word_1_49' title='bbox 782 993 809 1064; x_wconf 78' lang='grc'><strong>2,</strong></span> <span class='ocrx_word' id='word_1_50' title='bbox 826 994 896 1050; x_wconf 80' lang='grc'>477.</span> <span class='ocrx_word' id='word_1_51' title='bbox 914 994 1006 1070; x_wconf 76' lang='lat'>482),</span> <span class='ocrx_word' id='word_1_52' title='bbox 1030 994 1084 1052; x_wconf 91' lang='lat' dir='ltr'><strong>sed</strong></span> <span class='ocrx_word' id='word_1_53' title='bbox 1107 995 1239 1051; x_wconf 88' lang='lat' dir='ltr'><strong>duoviris</strong></span> <span class='ocrx_word' id='word_1_54' title='bbox 1263 1013 1392 1070; x_wconf 90' lang='lat' dir='ltr'><strong>quoque,</strong></span> <span class='ocrx_word' id='word_1_55' title='bbox 1416 994 1494 1052; x_wconf 84' lang='lat' dir='ltr'><strong>scili·</strong></span> <span class='ocrx_word' id='word_1_56' title='bbox 1527 978 1606 1026; x_wconf 49' lang='lat'>¹³⁰⁰&amp;</span> 
     </span>
     <span class='ocr_line' id='line_1_7' title="bbox 163 1094 1495 1173; baseline -0.001 -19"><span class='ocrx_word' id='word_1_57' title='bbox 163 1104 212 1155; x_wconf 89' lang='lat' dir='ltr'><strong>cet</strong></span> <span class='ocrx_word' id='word_1_58' title='bbox 238 1094 318 1171; x_wconf 92' lang='lat' dir='ltr'><strong>quod</strong></span> <span class='ocrx_word' id='word_1_59' title='bbox 346 1111 494 1152; x_wconf 89' lang='lat' dir='ltr'><strong>summum</strong></span> <span class='ocrx_word' id='word_1_60' title='bbox 522 1096 739 1173; x_wconf 85' lang='lat' dir='ltr'><strong>magistratum,</strong></span> <span class='ocrx_word' id='word_1_61' title='bbox 768 1114 834 1154; x_wconf 85' lang='lat' dir='ltr'><strong>curu</strong></span> <span class='ocrx_word' id='word_1_62' title='bbox 856 1115 904 1154; x_wconf 90' lang='lat' dir='ltr'><strong>res</strong></span> <span class='ocrx_word' id='word_1_63' title='bbox 927 1105 1021 1173; x_wconf 85' lang='lat' dir='ltr'><strong>urget,</strong></span> <span class='ocrx_word' id='word_1_64' title='bbox 1052 1115 1169 1171; x_wconf 81' lang='lat' dir='ltr'>semper</span> <span class='ocrx_word' id='word_1_65' title='bbox 1191 1106 1310 1173; x_wconf 87' lang='lat' dir='ltr'><strong>oportet</strong></span> <span class='ocrx_word' id='word_1_66' title='bbox 1330 1097 1495 1156; x_wconf 79' lang='lat' dir='ltr'>minoribus</span> 
     </span>
     <span class='ocr_line' id='line_1_8' title="bbox 163 1196 1495 1276; baseline 0.001 -20"><span class='ocrx_word' id='word_1_67' title='bbox 163 1197 392 1276; x_wconf 81' lang='lat' dir='ltr'><strong>magistratibus</strong></span> <span class='ocrx_word' id='word_1_68' title='bbox 421 1196 561 1272; x_wconf 88' lang='lat' dir='ltr'><strong>opitulari</strong></span> <span class='ocrx_word' id='word_1_69' title='bbox 587 1215 748 1273; x_wconf 87' lang='lat' dir='ltr'><strong>eorumque</strong></span> <span class='ocrx_word' id='word_1_70' title='bbox 777 1199 877 1256; x_wconf 88' lang='lat' dir='ltr'><strong>munia</strong></span> <span class='ocrx_word' id='word_1_71' title='bbox 904 1198 1123 1275; x_wconf 89' lang='lat' dir='ltr'><strong>quodammodo</strong></span> <span class='ocrx_word' id='word_1_72' title='bbox 1152 1199 1181 1256; x_wconf 90' lang='lat' dir='ltr'><strong>in</strong></span> <span class='ocrx_word' id='word_1_73' title='bbox 1204 1216 1236 1256; x_wconf 89' lang='lat' dir='ltr'><strong>sc</strong></span> <span class='ocrx_word' id='word_1_74' title='bbox 1258 1199 1389 1274; x_wconf 87' lang='lat' dir='ltr'><strong>recipere</strong></span> <span class='ocrx_word' id='word_1_75' title='bbox 1412 1199 1446 1272; x_wconf 86' lang='lat' dir='ltr'><strong>(l.</strong></span> <span class='ocrx_word' id='word_1_76' title='bbox 1470 1218 1495 1257; x_wconf 89' lang='lat' dir='ltr'><strong>c.</strong></span> 
     </span>
     <span class='ocr_line' id='line_1_9' title="bbox 166 1298 1640 1390; baseline -0.005 3"><span class='ocrx_word' id='word_1_77' title='bbox 166 1298 195 1373; x_wconf 60' lang='lat'><strong>2²</strong></span> <span class='ocrx_word' id='word_1_78' title='bbox 213 1298 295 1375; x_wconf 45' lang='grc'>123)</span> <span class='ocrx_word' id='word_1_79' title='bbox 1509 1340 1560 1390; x_wconf 80' lang='lat' dir='ltr'><strong>Res</strong></span> <span class='ocrx_word' id='word_1_80' title='bbox 1574 1340 1640 1388; x_wconf 89' lang='lat' dir='ltr'><strong>iadi-</strong></span> 
     </span>
    </p>

    <p class='ocr_par' dir='ltr' id='par_1_4' title="bbox 162 1402 1632 2507">
     <span class='ocr_line' id='line_1_10' title="bbox 247 1402 1614 1480; baseline -0.001 -19"><span class='ocrx_word' id='word_1_81' title='bbox 247 1402 345 1461; x_wconf 89' lang='lat' dir='ltr'><strong>Multo</strong></span> <span class='ocrx_word' id='word_1_82' title='bbox 363 1403 484 1460; x_wconf 90' lang='lat' dir='ltr'><strong>maioris</strong></span> <span class='ocrx_word' id='word_1_83' title='bbox 500 1403 643 1461; x_wconf 79' lang='lat' dir='ltr'><strong>momenti</strong></span> <span class='ocrx_word' id='word_1_84' title='bbox 658 1414 737 1474; x_wconf 88' lang='lat' dir='ltr'><strong>sunt,</strong></span> <span class='ocrx_word' id='word_1_85' title='bbox 761 1423 837 1480; x_wconf 66' lang='lat' dir='ltr'><strong>(quae</strong></span> <span class='ocrx_word' id='word_1_86' title='bbox 852 1405 888 1461; x_wconf 90' lang='lat' dir='ltr'><strong>dc</strong></span> <span class='ocrx_word' id='word_1_87' title='bbox 903 1424 935 1462; x_wconf 89' lang='lat' dir='ltr'><strong>re</strong></span> <span class='ocrx_word' id='word_1_88' title='bbox 951 1404 1107 1462; x_wconf 89' lang='lat' dir='ltr'><strong>iudiciaria</strong></span> <span class='ocrx_word' id='word_1_89' title='bbox 1121 1404 1301 1462; x_wconf 81' lang='lat' dir='ltr'><strong>addiscimus</strong></span> <span class='ocrx_word' id='word_1_90' title='bbox 1317 1422 1354 1460; x_wconf 83' lang='lat' dir='ltr'><strong>ex</strong></span> <span class='ocrx_word' id='word_1_91' title='bbox 1372 1423 1396 1460; x_wconf 92' lang='lat' dir='ltr'><strong>c.</strong></span> <span class='ocrx_word' id='word_1_92' title='bbox 1412 1402 1494 1460; x_wconf 86' lang='lat' dir='ltr'>LXI.</span> <span class='ocrx_word' id='word_1_93' title='bbox 1533 1424 1614 1472; x_wconf 81' lang='lat' dir='ltr'><strong>ciana</strong></span> 
     </span>
     <span class='ocr_line' id='line_1_11' title="bbox 163 1505 1623 1583; baseline -0.002 -19"><span class='ocrx_word' id='word_1_94' title='bbox 163 1505 199 1564; x_wconf 95' lang='lat' dir='ltr'><strong>Id</strong></span> <span class='ocrx_word' id='word_1_95' title='bbox 223 1505 249 1563; x_wconf 92' lang='lat' dir='ltr'><strong>si</strong></span> <span class='ocrx_word' id='word_1_96' title='bbox 271 1505 419 1582; x_wconf 87' lang='lat' dir='ltr'><strong>integrum</strong></span> <span class='ocrx_word' id='word_1_97' title='bbox 448 1505 485 1561; x_wconf 89' lang='lat' dir='ltr'><strong>ad</strong></span> <span class='ocrx_word' id='word_1_98' title='bbox 513 1524 567 1563; x_wconf 90' lang='lat' dir='ltr'><strong>nos</strong></span> <span class='ocrx_word' id='word_1_99' title='bbox 590 1506 787 1581; x_wconf 81' lang='lat' dir='ltr'><strong>pervenisset,</strong></span> <span class='ocrx_word' id='word_1_100' title='bbox 813 1507 932 1583; x_wconf 82' lang='lat' dir='ltr'><strong>plenius</strong></span> <span class='ocrx_word' id='word_1_101' title='bbox 959 1506 1112 1582; x_wconf 88' lang='lat' dir='ltr'><strong>aliquanto</strong></span> <span class='ocrx_word' id='word_1_102' title='bbox 1141 1506 1177 1565; x_wconf 92' lang='lat' dir='ltr'><strong>de</strong></span> <span class='ocrx_word' id='word_1_103' title='bbox 1205 1524 1310 1564; x_wconf 78' lang='lat' dir='ltr'><strong>insitus</strong></span> <span class='ocrx_word' id='word_1_104' title='bbox 1336 1505 1496 1563; x_wconf 89' lang='lat' dir='ltr'><strong>iniectione</strong></span> <span class='ocrx_word' id='word_1_105' title='bbox 1529 1507 1623 1555; x_wconf 76' lang='lat' dir='ltr'><strong>Manus</strong></span> 
     </span>
     <span class='ocr_line' id='line_1_12' title="bbox 163 1590 1632 1684; baseline -0.003 -17"><span class='ocrx_word' id='word_1_106' title='bbox 163 1617 330 1677; x_wconf 81' lang='lat' dir='ltr'><strong>constaret3</strong></span> <span class='ocrx_word' id='word_1_107' title='bbox 353 1608 475 1665; x_wconf 89' lang='lat' dir='ltr'><strong>sedvel</strong></span> <span class='ocrx_word' id='word_1_108' title='bbox 499 1608 541 1666; x_wconf 89' lang='lat' dir='ltr'><strong>sic</strong></span> <span class='ocrx_word' id='word_1_109' title='bbox 565 1608 651 1665; x_wconf 89' lang='lat' dir='ltr'><strong>utilia</strong></span> <span class='ocrx_word' id='word_1_110' title='bbox 672 1618 742 1666; x_wconf 89' lang='lat' dir='ltr'><strong>sunt</strong></span> <span class='ocrx_word' id='word_1_111' title='bbox 763 1627 840 1683; x_wconf 87' lang='lat' dir='ltr'><strong>quac</strong></span> <span class='ocrx_word' id='word_1_112' title='bbox 862 1608 929 1665; x_wconf 89' lang='lat' dir='ltr'><strong>inde</strong></span> <span class='ocrx_word' id='word_1_113' title='bbox 951 1608 1173 1684; x_wconf 82' lang='lat' dir='ltr'><strong>intelleguntur.</strong></span> <span class='ocrx_word' id='word_1_114' title='bbox 1218 1608 1306 1682; x_wconf 80' lang='lat' dir='ltr'><strong>Quae</strong></span> <span class='ocrx_word' id='word_1_115' title='bbox 1327 1625 1498 1682; x_wconf 87' lang='lat' dir='ltr'><strong>praecesse·</strong></span> <span class='ocrx_word' id='word_1_116' title='bbox 1525 1590 1632 1684; x_wconf 37' lang='lat' dir='ltr'><strong>&#39;iniectio</strong></span> 
     </span>
     <span class='ocr_line' id='line_1_13' title="bbox 162 1674 1629 1791; baseline -0.003 -21"><span class='ocrx_word' id='word_1_117' title='bbox 162 1711 225 1770; x_wconf 88' lang='lat' dir='ltr'><strong>rint</strong></span> <span class='ocrx_word' id='word_1_118' title='bbox 249 1727 372 1769; x_wconf 87' lang='lat' dir='ltr'><strong>necesse</strong></span> <span class='ocrx_word' id='word_1_119' title='bbox 398 1719 445 1769; x_wconf 91' lang='lat' dir='ltr'><strong>est</strong></span> <span class='ocrx_word' id='word_1_120' title='bbox 472 1709 508 1768; x_wconf 89' lang='lat' dir='ltr'><strong>dc</strong></span> <span class='ocrx_word' id='word_1_121' title='bbox 531 1712 647 1768; x_wconf 90' lang='lat' dir='ltr'><strong>actione</strong></span> <span class='ocrx_word' id='word_1_122' title='bbox 670 1712 814 1768; x_wconf 81' lang='lat' dir='ltr'><strong>adversus</strong></span> <span class='ocrx_word' id='word_1_123' title='bbox 838 1731 920 1768; x_wconf 90' lang='lat' dir='ltr'><strong>reum</strong></span> <span class='ocrx_word' id='word_1_124' title='bbox 942 1711 1071 1786; x_wconf 75' lang='lat' dir='ltr'><strong>aliquem</strong></span> <span class='ocrx_word' id='word_1_125' title='bbox 1094 1711 1198 1788; x_wconf 90' lang='lat' dir='ltr'><strong>populi</strong></span> <span class='ocrx_word' id='word_1_126' title='bbox 1221 1712 1340 1769; x_wconf 88' lang='lat' dir='ltr'><strong>nomine</strong></span> <span class='ocrx_word' id='word_1_127' title='bbox 1362 1710 1500 1791; x_wconf 84' lang='lat' dir='ltr'><strong>instituta</strong></span> <span class='ocrx_word' id='word_1_128' title='bbox 1525 1674 1629 1722; x_wconf 63' lang='lat' dir='ltr'><strong>¹⁰d¹⁰³n</strong></span> 
     </span>
     <span class='ocr_line' id='line_1_14' title="bbox 163 1812 1498 1889; baseline 0 -19"><span class='ocrx_word' id='word_1_129' title='bbox 163 1812 304 1889; x_wconf 78' lang='lat' dir='ltr'><strong>luctaque</strong></span> <span class='ocrx_word' id='word_1_130' title='bbox 330 1812 592 1883; x_wconf 79' lang='lat' dir='ltr'><strong>condemnatione,</strong></span> <span class='ocrx_word' id='word_1_131' title='bbox 622 1813 845 1883; x_wconf 62' lang='lat' dir='ltr'><strong>desiderantum</strong></span> <span class='ocrx_word' id='word_1_132' title='bbox 875 1814 979 1888; x_wconf 78' lang='lat' dir='ltr'><strong>inprit</strong></span> <span class='ocrx_word' id='word_1_133' title='bbox 1008 1813 1058 1871; x_wconf 83' lang='lat' dir='ltr'><strong>lex</strong></span> <span class='ocrx_word' id='word_1_134' title='bbox 1086 1834 1104 1870; x_wconf 90' lang='lat' dir='ltr'><strong>a</strong></span> <span class='ocrx_word' id='word_1_135' title='bbox 1134 1814 1232 1871; x_wconf 83' lang='lat' dir='ltr'><strong>verbis</strong></span> <span class='ocrx_word' id='word_1_136' title='bbox 1260 1814 1297 1871; x_wconf 91' lang='lat' dir='ltr'><strong>iis</strong></span> <span class='ocrx_word' id='word_1_137' title='bbox 1327 1832 1404 1888; x_wconf 90' lang='lat' dir='ltr'><strong>quac</strong></span> <span class='ocrx_word' id='word_1_138' title='bbox 1431 1831 1498 1887; x_wconf 90' lang='lat' dir='ltr'><strong>per·</strong></span> 
     </span>
     <span class='ocr_line' id='line_1_15' title="bbox 163 1913 1500 1991; baseline -0.004 -17"><span class='ocrx_word' id='word_1_139' title='bbox 163 1916 260 1975; x_wconf 86' lang='lat' dir='ltr'><strong>tinent</strong></span> <span class='ocrx_word' id='word_1_140' title='bbox 280 1915 318 1973; x_wconf 88' lang='lat' dir='ltr'><strong>ad</strong></span> <span class='ocrx_word' id='word_1_141' title='bbox 342 1933 446 1974; x_wconf 89' lang='lat' dir='ltr'><strong>manus</strong></span> <span class='ocrx_word' id='word_1_142' title='bbox 468 1915 654 1974; x_wconf 89' lang='lat' dir='ltr'><strong>iniectionem</strong></span> <span class='ocrx_word' id='word_1_143' title='bbox 677 1917 715 1973; x_wconf 87' lang='lat' dir='ltr'><strong>ab</strong></span> <span class='ocrx_word' id='word_1_144' title='bbox 737 1915 913 1985; x_wconf 88' lang='lat' dir='ltr'><strong>iudicatum,</strong></span> <span class='ocrx_word' id='word_1_145' title='bbox 941 1934 1028 1991; x_wconf 70' lang='lat' dir='ltr'><strong>(quam</strong></span> <span class='ocrx_word' id='word_1_146' title='bbox 1052 1926 1171 1973; x_wconf 82' lang='lat' dir='ltr'><strong>enarrat</strong></span> <span class='ocrx_word' id='word_1_147' title='bbox 1193 1914 1289 1973; x_wconf 87' lang='lat' dir='ltr'><strong>Gaius</strong></span> <span class='ocrx_word' id='word_1_148' title='bbox 1312 1916 1340 1985; x_wconf 82' lang='lat'><strong>4,</strong></span> <span class='ocrx_word' id='word_1_149' title='bbox 1364 1913 1413 1972; x_wconf 80' lang='lat' dir='ltr'><strong>tt.</strong></span> <span class='ocrx_word' id='word_1_150' title='bbox 1458 1916 1500 1970; x_wconf 83' lang='lat' dir='ltr'><strong>At</strong></span> 
     </span>
     <span class='ocr_line' id='line_1_16' title="bbox 163 2017 1498 2095; baseline -0.003 -18"><span class='ocrx_word' id='word_1_151' title='bbox 163 2036 288 2077; x_wconf 86' lang='lat' dir='ltr'><strong>manum</strong></span> <span class='ocrx_word' id='word_1_152' title='bbox 309 2017 358 2076; x_wconf 87' lang='lat' dir='ltr'><strong>hic</strong></span> <span class='ocrx_word' id='word_1_153' title='bbox 379 2018 463 2076; x_wconf 80' lang='lat' dir='ltr'><strong>inicit</strong></span> <span class='ocrx_word' id='word_1_154' title='bbox 484 2037 543 2075; x_wconf 92' lang='lat' dir='ltr'><strong>nou</strong></span> <span class='ocrx_word' id='word_1_155' title='bbox 566 2019 591 2075; x_wconf 91' lang='lat' dir='ltr'><strong>is</strong></span> <span class='ocrx_word' id='word_1_156' title='bbox 614 2018 665 2093; x_wconf 91' lang='lat' dir='ltr'><strong>qui</strong></span> <span class='ocrx_word' id='word_1_157' title='bbox 688 2019 748 2093; x_wconf 83' lang='lat' dir='ltr'><strong>egit</strong></span> <span class='ocrx_word' id='word_1_158' title='bbox 770 2020 841 2095; x_wconf 86' lang='lat' dir='ltr'><strong>ipsc,</strong></span> <span class='ocrx_word' id='word_1_159' title='bbox 866 2019 917 2076; x_wconf 89' lang='lat' dir='ltr'><strong>sed</strong></span> <span class='ocrx_word' id='word_1_160' title='bbox 940 2017 1017 2075; x_wconf 89' lang='lat' dir='ltr'><strong>ulios</strong></span> <span class='ocrx_word' id='word_1_161' title='bbox 1040 2019 1077 2075; x_wconf 90' lang='lat' dir='ltr'><strong>ub</strong></span> <span class='ocrx_word' id='word_1_162' title='bbox 1100 2038 1134 2074; x_wconf 90' lang='lat' dir='ltr'><strong>oo</strong></span> <span class='ocrx_word' id='word_1_163' title='bbox 1157 2019 1207 2093; x_wconf 89' lang='lat' dir='ltr'><strong>qui</strong></span> <span class='ocrx_word' id='word_1_164' title='bbox 1224 2018 1285 2092; x_wconf 81' lang='lat' dir='ltr'><strong>egit</strong></span> <span class='ocrx_word' id='word_1_165' title='bbox 1301 2018 1416 2087; x_wconf 75' lang='lat' dir='ltr'><strong>iussus,</strong></span> <span class='ocrx_word' id='word_1_166' title='bbox 1440 2036 1498 2091; x_wconf 89' lang='lat' dir='ltr'><strong>quo</strong></span> 
     </span>
     <span class='ocr_line' id='line_1_17' title="bbox 166 2119 1499 2197; baseline -0.002 -20"><span class='ocrx_word' id='word_1_167' title='bbox 166 2120 284 2179; x_wconf 81' lang='lat' dir='ltr'><strong>ridetur</strong></span> <span class='ocrx_word' id='word_1_168' title='bbox 310 2119 473 2197; x_wconf 86' lang='lat' dir='ltr'><strong>significari</strong></span> <span class='ocrx_word' id='word_1_169' title='bbox 500 2120 531 2177; x_wconf 93' lang='lat' dir='ltr'><strong>in</strong></span> <span class='ocrx_word' id='word_1_170' title='bbox 556 2121 656 2196; x_wconf 88' lang='lat' dir='ltr'><strong>priore</strong></span> <span class='ocrx_word' id='word_1_171' title='bbox 681 2120 791 2177; x_wconf 86' lang='lat' dir='ltr'><strong>iudicio</strong></span> <span class='ocrx_word' id='word_1_172' title='bbox 814 2120 917 2196; x_wconf 90' lang='lat' dir='ltr'><strong>populi</strong></span> <span class='ocrx_word' id='word_1_173' title='bbox 943 2121 1061 2177; x_wconf 91' lang='lat' dir='ltr'><strong>nominc</strong></span> <span class='ocrx_word' id='word_1_174' title='bbox 1088 2119 1187 2195; x_wconf 79' lang='lat' dir='ltr'><strong>egisse</strong></span> <span class='ocrx_word' id='word_1_175' title='bbox 1210 2119 1382 2191; x_wconf 76' lang='lat' dir='ltr'><strong>duovirum,</strong></span> <span class='ocrx_word' id='word_1_176' title='bbox 1411 2139 1499 2194; x_wconf 86' lang='lat' dir='ltr'><strong>quem</strong></span> 
     </span>
     <span class='ocr_line' id='line_1_18' title="bbox 165 2220 1498 2301; baseline -0.005 -18"><span class='ocrx_word' id='word_1_177' title='bbox 165 2224 240 2283; x_wconf 85' lang='lat' dir='ltr'><strong>alibi</strong></span> <span class='ocrx_word' id='word_1_178' title='bbox 262 2242 382 2301; x_wconf 90' lang='lat' dir='ltr'><strong>quoque</strong></span> <span class='ocrx_word' id='word_1_179' title='bbox 396 2223 531 2281; x_wconf 81' lang='lat' dir='ltr'><strong>videmus</strong></span> <span class='ocrx_word' id='word_1_180' title='bbox 553 2223 582 2279; x_wconf 89' lang='lat' dir='ltr'><strong>in</strong></span> <span class='ocrx_word' id='word_1_181' title='bbox 606 2222 749 2280; x_wconf 88' lang='lat' dir='ltr'><strong>eiusmodi</strong></span> <span class='ocrx_word' id='word_1_182' title='bbox 773 2224 871 2280; x_wconf 88' lang='lat' dir='ltr'><strong>causis</strong></span> <span class='ocrx_word' id='word_1_183' title='bbox 888 2223 1033 2298; x_wconf 85' lang='lat' dir='ltr'><strong>praetoris</strong></span> <span class='ocrx_word' id='word_1_184' title='bbox 1049 2222 1245 2298; x_wconf 88' lang='lat' dir='ltr'><strong>petitorisqae</strong></span> <span class='ocrx_word' id='word_1_185' title='bbox 1260 2222 1395 2297; x_wconf 83' lang='lat' dir='ltr'><strong>partibus</strong></span> <span class='ocrx_word' id='word_1_186' title='bbox 1411 2220 1498 2278; x_wconf 88' lang='lat' dir='ltr'><strong>simul</strong></span> 
     </span>
     <span class='ocr_line' id='line_1_19' title="bbox 164 2324 1498 2404; baseline -0.007 -17"><span class='ocrx_word' id='word_1_187' title='bbox 164 2326 252 2404; x_wconf 82' lang='lat' dir='ltr'><strong>fungi</strong></span> <span class='ocrx_word' id='word_1_188' title='bbox 277 2326 319 2400; x_wconf 81' lang='lat' dir='ltr'><strong>(u.</strong></span> <span class='ocrx_word' id='word_1_189' title='bbox 347 2345 376 2402; x_wconf 88' lang='lat' dir='ltr'><strong>p.</strong></span> <span class='ocrx_word' id='word_1_190' title='bbox 396 2326 556 2401; x_wconf 81' lang='lat' dir='ltr'><strong>141seq.),</strong></span> <span class='ocrx_word' id='word_1_191' title='bbox 583 2343 689 2383; x_wconf 89' lang='lat' dir='ltr'><strong>manus</strong></span> <span class='ocrx_word' id='word_1_192' title='bbox 716 2334 816 2383; x_wconf 88' lang='lat' dir='ltr'><strong>autem</strong></span> <span class='ocrx_word' id='word_1_193' title='bbox 843 2324 1032 2383; x_wconf 91' lang='lat' dir='ltr'><strong>iniectionem</strong></span> <span class='ocrx_word' id='word_1_194' title='bbox 1061 2343 1121 2381; x_wconf 94' lang='lat' dir='ltr'><strong>non</strong></span> <span class='ocrx_word' id='word_1_195' title='bbox 1149 2336 1208 2382; x_wconf 90' lang='lat' dir='ltr'><strong>tam</strong></span> <span class='ocrx_word' id='word_1_196' title='bbox 1238 2344 1289 2400; x_wconf 89' lang='lat' dir='ltr'><strong>per</strong></span> <span class='ocrx_word' id='word_1_197' title='bbox 1317 2343 1383 2383; x_wconf 88' lang='lat' dir='ltr'><strong>eum</strong></span> <span class='ocrx_word' id='word_1_198' title='bbox 1410 2341 1498 2398; x_wconf 66' lang='lat' dir='ltr'><strong>(latam</strong></span> 
     </span>
     <span class='ocr_line' id='line_1_20' title="bbox 166 2428 433 2507; baseline -0.011 -19"><span class='ocrx_word' id='word_1_199' title='bbox 166 2429 248 2507; x_wconf 83' lang='lat' dir='ltr'><strong>apud</strong></span> <span class='ocrx_word' id='word_1_200' title='bbox 270 2448 337 2487; x_wconf 90' lang='lat' dir='ltr'><strong>eum</strong></span> <span class='ocrx_word' id='word_1_201' title='bbox 359 2428 433 2485; x_wconf 87' lang='lat' dir='ltr'><strong>fieri.</strong></span> 
     </span>
    </p>

    <p class='ocr_par' dir='ltr' id='par_1_5' title="bbox 252 2525 1500 2606">
     <span class='ocr_line' id='line_1_21' title="bbox 252 2525 1500 2606; baseline -0.005 -18"><span class='ocrx_word' id='word_1_202' title='bbox 252 2530 362 2589; x_wconf 90' lang='lat' dir='ltr'><strong>Pressa</strong></span> <span class='ocrx_word' id='word_1_203' title='bbox 386 2529 461 2604; x_wconf 90' lang='lat' dir='ltr'><strong>pede</strong></span> <span class='ocrx_word' id='word_1_204' title='bbox 483 2529 539 2587; x_wconf 91' lang='lat' dir='ltr'><strong>hoc</strong></span> <span class='ocrx_word' id='word_1_205' title='bbox 560 2531 627 2587; x_wconf 88' lang='lat' dir='ltr'><strong>loeo</strong></span> <span class='ocrx_word' id='word_1_206' title='bbox 646 2530 695 2587; x_wconf 82' lang='lat' dir='ltr'><strong>lex</strong></span> <span class='ocrx_word' id='word_1_207' title='bbox 711 2529 848 2587; x_wconf 88' lang='lat' dir='ltr'><strong>coloniae</strong></span> <span class='ocrx_word' id='word_1_208' title='bbox 864 2528 999 2604; x_wconf 89' lang='lat' dir='ltr'><strong>sequitur</strong></span> <span class='ocrx_word' id='word_1_209' title='bbox 1013 2530 1109 2606; x_wconf 81' lang='lat' dir='ltr'><strong>legem</strong></span> <span class='ocrx_word' id='word_1_210' title='bbox 1125 2529 1187 2586; x_wconf 88' lang='lat' dir='ltr'><strong>XII</strong></span> <span class='ocrx_word' id='word_1_211' title='bbox 1203 2530 1381 2589; x_wconf 89' lang='lat' dir='ltr'><strong>tabularum.</strong></span> <span class='ocrx_word' id='word_1_212' title='bbox 1416 2525 1500 2598; x_wconf 77' lang='lat' dir='ltr'><strong>Qtrae</strong></span> 
     </span>
    </p>
   </div>
   <div class='ocr_carea' id='block_1_4' title="bbox 167 2626 1501 2719">
    <p class='ocr_par' dir='ltr' id='par_1_6' title="bbox 167 2626 1501 2719">
     <span class='ocr_line' id='line_1_22' title="bbox 167 2626 1501 2719; baseline -0.005 -28"><span class='ocrx_word' id='word_1_213' title='bbox 167 2633 198 2693; x_wconf 92' lang='lat' dir='ltr'><strong>iu</strong></span> <span class='ocrx_word' id='word_1_214' title='bbox 220 2633 273 2691; x_wconf 90' lang='lat' dir='ltr'><strong>illa</strong></span> <span class='ocrx_word' id='word_1_215' title='bbox 294 2633 433 2709; x_wconf 86' lang='lat' dir='ltr'><strong>leguntur</strong></span> <span class='ocrx_word' id='word_1_216' title='bbox 455 2633 560 2719; x_wconf 67' lang='lat' dir='ltr'><strong>verita:</strong></span> <span class='ocrx_word' id='word_1_217' title='bbox 584 2634 685 2689; x_wconf 75' lang='lat' dir='ltr'><strong>titides</strong></span> <span class='ocrx_word' id='word_1_218' title='bbox 707 2632 847 2689; x_wconf 78' lang='lat' dir='ltr'><strong>arbitrata</strong></span> <span class='ocrx_word' id='word_1_219' title='bbox 862 2631 954 2688; x_wconf 81' lang='lat' dir='ltr'><strong>Ilairi</strong></span> <span class='ocrx_word' id='word_1_220' title='bbox 975 2635 1056 2706; x_wconf 82' lang='lat' dir='ltr'><strong>quire</strong></span> <span class='ocrx_word' id='word_1_221' title='bbox 1070 2636 1132 2690; x_wconf 83' lang='lat' dir='ltr'><strong>iare</strong></span> <span class='ocrx_word' id='word_1_222' title='bbox 1146 2633 1268 2689; x_wconf 77' lang='lat' dir='ltr'><strong>elicuuelo</strong></span> <span class='ocrx_word' id='word_1_223' title='bbox 1279 2626 1407 2707; x_wconf 72' lang='lat' dir='ltr'><strong>praeerit</strong></span> <span class='ocrx_word' id='word_1_224' title='bbox 1424 2629 1501 2685; x_wconf 90' lang='lat' dir='ltr'><strong>locu-</strong></span> 
     </span>
    </p>
   </div>
   <div class='ocr_carea' id='block_1_5' title="bbox 164 2730 1501 2813">
    <p class='ocr_par' dir='ltr' id='par_1_7' title="bbox 164 2730 1501 2813">
     <span class='ocr_line' id='line_1_23' title="bbox 164 2730 1501 2813; baseline -0.005 -21"><span class='ocrx_word' id='word_1_225' title='bbox 164 2736 230 2813; x_wconf 79' lang='lat' dir='ltr'><strong>ples</strong></span> <span class='ocrx_word' id='word_1_226' title='bbox 253 2745 310 2794; x_wconf 83' lang='lat' dir='ltr'><strong>erto</strong></span> <span class='ocrx_word' id='word_1_227' title='bbox 333 2730 519 2810; x_wconf 84' lang='lat' dir='ltr'><strong>respondent</strong></span> <span class='ocrx_word' id='word_1_228' title='bbox 540 2743 611 2792; x_wconf 92' lang='lat' dir='ltr'><strong>uoto</strong></span> <span class='ocrx_word' id='word_1_229' title='bbox 634 2734 700 2792; x_wconf 93' lang='lat' dir='ltr'><strong>loco</strong></span> <span class='ocrx_word' id='word_1_230' title='bbox 722 2754 823 2791; x_wconf 83' lang='lat' dir='ltr'><strong>earum</strong></span> <span class='ocrx_word' id='word_1_231' title='bbox 845 2745 874 2791; x_wconf 89' lang='lat' dir='ltr'><strong>et</strong></span> <span class='ocrx_word' id='word_1_232' title='bbox 896 2734 960 2790; x_wconf 81' lang='lat' dir='ltr'><strong>sinc</strong></span> <span class='ocrx_word' id='word_1_233' title='bbox 983 2734 1073 2791; x_wconf 89' lang='lat' dir='ltr'><strong>dubia</strong></span> <span class='ocrx_word' id='word_1_234' title='bbox 1096 2735 1154 2808; x_wconf 88' lang='lat' dir='ltr'><strong>ipsi</strong></span> <span class='ocrx_word' id='word_1_235' title='bbox 1179 2734 1269 2808; x_wconf 90' lang='lat' dir='ltr'><strong>capiti</strong></span> <span class='ocrx_word' id='word_1_236' title='bbox 1285 2733 1321 2791; x_wconf 91' lang='lat' dir='ltr'><strong>de</strong></span> <span class='ocrx_word' id='word_1_237' title='bbox 1337 2749 1440 2789; x_wconf 79' lang='lat' dir='ltr'><strong>uranus</strong></span> <span class='ocrx_word' id='word_1_238' title='bbox 1458 2731 1501 2788; x_wconf 92' lang='lat' dir='ltr'><strong>in-</strong></span> 
     </span>
    </p>
   </div>
   <div class='ocr_carea' id='block_1_6' title="bbox 167 2834 1510 5265">
    <p class='ocr_par' dir='ltr' id='par_1_8' title="bbox 168 2834 1503 3322">
     <span class='ocr_line' id='line_1_24' title="bbox 168 2834 1501 2910; baseline -0.006 -15"><span class='ocrx_word' id='word_1_239' title='bbox 168 2838 294 2896; x_wconf 75' lang='lat' dir='ltr'><strong>lectione</strong></span> <span class='ocrx_word' id='word_1_240' title='bbox 321 2837 481 2909; x_wconf 18' lang='lat' dir='ltr'><strong>inserendo,</strong></span> <span class='ocrx_word' id='word_1_241' title='bbox 506 2839 628 2895; x_wconf 82' lang='lat' dir='ltr'><strong>adsidua</strong></span> <span class='ocrx_word' id='word_1_242' title='bbox 655 2837 757 2894; x_wconf 81' lang='lat' dir='ltr'><strong>ciaelea</strong></span> <span class='ocrx_word' id='word_1_243' title='bbox 783 2837 923 2894; x_wconf 77' lang='lat' dir='ltr'><strong>(telsiduus</strong></span> <span class='ocrx_word' id='word_1_244' title='bbox 950 2846 1015 2894; x_wconf 85' lang='lat' dir='ltr'><strong>esto.</strong></span> <span class='ocrx_word' id='word_1_245' title='bbox 1059 2834 1170 2893; x_wconf 74' lang='lat' dir='ltr'><strong>Vinctus</strong></span> <span class='ocrx_word' id='word_1_246' title='bbox 1197 2837 1320 2910; x_wconf 79' lang='lat' dir='ltr'><strong>locuples</strong></span> <span class='ocrx_word' id='word_1_247' title='bbox 1349 2846 1380 2891; x_wconf 90' lang='lat' dir='ltr'><strong>nt</strong></span> <span class='ocrx_word' id='word_1_248' title='bbox 1407 2834 1501 2902; x_wconf 87' lang='lat' dir='ltr'><strong>detur,</strong></span> 
     </span>
     <span class='ocr_line' id='line_1_25' title="bbox 169 2934 1502 3017; baseline -0.007 -19"><span class='ocrx_word' id='word_1_249' title='bbox 169 2940 295 3017; x_wconf 83' lang='lat' dir='ltr'><strong>requirit</strong></span> <span class='ocrx_word' id='word_1_250' title='bbox 316 2940 407 2997; x_wconf 85' lang='lat' dir='ltr'><strong>etiam</strong></span> <span class='ocrx_word' id='word_1_251' title='bbox 430 2939 479 2996; x_wconf 85' lang='lat' dir='ltr'><strong>lex</strong></span> <span class='ocrx_word' id='word_1_252' title='bbox 495 2939 609 2996; x_wconf 85' lang='lat' dir='ltr'><strong>Rubria</strong></span> <span class='ocrx_word' id='word_1_253' title='bbox 632 2959 656 2996; x_wconf 93' lang='lat' dir='ltr'><strong>c.</strong></span> <span class='ocrx_word' id='word_1_254' title='bbox 674 2939 710 2996; x_wconf 78' lang='lat' dir='ltr'><strong>tt</strong></span> <span class='ocrx_word' id='word_1_255' title='bbox 737 2939 840 3013; x_wconf 82' lang='lat' dir='ltr'><strong>(roll</strong></span> <span class='ocrx_word' id='word_1_256' title='bbox 864 2959 893 2996; x_wconf 93' lang='lat' dir='ltr'><strong>n.</strong></span> <span class='ocrx_word' id='word_1_257' title='bbox 910 2936 984 3013; x_wconf 71' lang='lat'>205)</span> <span class='ocrx_word' id='word_1_258' title='bbox 1007 2938 1145 3013; x_wconf 87' lang='lat' dir='ltr'><strong>idemque</strong></span> <span class='ocrx_word' id='word_1_259' title='bbox 1162 2936 1336 2996; x_wconf 82' lang='lat' dir='ltr'><strong>vocabulum</strong></span> <span class='ocrx_word' id='word_1_260' title='bbox 1359 2946 1405 2994; x_wconf 90' lang='lat' dir='ltr'><strong>est</strong></span> <span class='ocrx_word' id='word_1_261' title='bbox 1422 2934 1502 3011; x_wconf 86' lang='lat' dir='ltr'><strong>apud</strong></span> 
     </span>
     <span class='ocr_line' id='line_1_26' title="bbox 169 3037 1502 3117; baseline -0.008 -16"><span class='ocrx_word' id='word_1_262' title='bbox 169 3051 431 3101; x_wconf 82' lang='lat' dir='ltr'><strong>commentatorem</strong></span> <span class='ocrx_word' id='word_1_263' title='bbox 449 3042 511 3098; x_wconf 88' lang='lat' dir='ltr'><strong>Xll</strong></span> <span class='ocrx_word' id='word_1_264' title='bbox 528 3042 696 3099; x_wconf 82' lang='lat' dir='ltr'><strong>tabularum</strong></span> <span class='ocrx_word' id='word_1_265' title='bbox 713 3040 822 3099; x_wconf 89' lang='lat' dir='ltr'><strong>Gaium</strong></span> <span class='ocrx_word' id='word_1_266' title='bbox 841 3041 926 3117; x_wconf 80' lang='lat' dir='ltr'>(Dig.</span> <span class='ocrx_word' id='word_1_267' title='bbox 944 3043 992 3110; x_wconf 80' lang='grc'><strong>50,</strong></span> <span class='ocrx_word' id='word_1_268' title='bbox 1012 3042 1059 3111; x_wconf 84' lang='grc'><strong>16,</strong></span> <span class='ocrx_word' id='word_1_269' title='bbox 1078 3039 1147 3112; x_wconf 78' lang='lat'>234,</span> <span class='ocrx_word' id='word_1_270' title='bbox 1166 3042 1206 3116; x_wconf 92' lang='lat' dir='ltr'><strong>l).</strong></span> <span class='ocrx_word' id='word_1_271' title='bbox 1243 3040 1412 3098; x_wconf 83' lang='lat' dir='ltr'><strong>Arbitratus</strong></span> <span class='ocrx_word' id='word_1_272' title='bbox 1429 3037 1502 3093; x_wconf 92' lang='lat' dir='ltr'><strong>duo-</strong></span> 
     </span>
     <span class='ocr_line' id='line_1_27' title="bbox 171 3139 1503 3222; baseline -0.005 -21"><span class='ocrx_word' id='word_1_273' title='bbox 171 3144 227 3203; x_wconf 81' lang='lat' dir='ltr'><strong>viri</strong></span> <span class='ocrx_word' id='word_1_274' title='bbox 251 3152 310 3222; x_wconf 82' lang='lat' dir='ltr'><strong>qao</strong></span> <span class='ocrx_word' id='word_1_275' title='bbox 332 3145 494 3221; x_wconf 82' lang='lat' dir='ltr'><strong>pertineat,</strong></span> <span class='ocrx_word' id='word_1_276' title='bbox 521 3144 654 3218; x_wconf 88' lang='lat' dir='ltr'><strong>explicat</strong></span> <span class='ocrx_word' id='word_1_277' title='bbox 676 3143 768 3215; x_wconf 86' lang='lat' dir='ltr'><strong>idem,</strong></span> <span class='ocrx_word' id='word_1_278' title='bbox 799 3164 864 3201; x_wconf 91' lang='lat' dir='ltr'><strong>cum</strong></span> <span class='ocrx_word' id='word_1_279' title='bbox 888 3144 1011 3218; x_wconf 85' lang='lat' dir='ltr'><strong>requirit</strong></span> <span class='ocrx_word' id='word_1_280' title='bbox 1033 3142 1117 3219; x_wconf 75' lang='lat' dir='ltr'><strong>(aig.</strong></span> <span class='ocrx_word' id='word_1_281' title='bbox 1142 3141 1170 3209; x_wconf 74' lang='lat'><strong>2,</strong></span> <span class='ocrx_word' id='word_1_282' title='bbox 1192 3139 1219 3213; x_wconf 76' lang='grc'><strong>2,</strong></span> <span class='ocrx_word' id='word_1_283' title='bbox 1242 3144 1271 3212; x_wconf 80' lang='grc'><strong>5,</strong></span> <span class='ocrx_word' id='word_1_284' title='bbox 1294 3141 1324 3217; x_wconf 83' lang='lat'><strong>1)</strong></span> <span class='ocrx_word' id='word_1_285' title='bbox 1348 3139 1503 3198; x_wconf 90' lang='lat' dir='ltr'><strong>fideiusso-</strong></span> 
     </span>
     <span class='ocr_line' id='line_1_28' title="bbox 169 3245 1001 3322; baseline -0.001 -18"><span class='ocrx_word' id='word_1_286' title='bbox 169 3266 231 3305; x_wconf 87' lang='lat' dir='ltr'><strong>rem</strong></span> <span class='ocrx_word' id='word_1_287' title='bbox 255 3245 380 3306; x_wconf 86' lang='lat' dir='ltr'><strong>sistendi</strong></span> <span class='ocrx_word' id='word_1_288' title='bbox 403 3264 494 3304; x_wconf 89' lang='lat' dir='ltr'><strong>eausa</strong></span> <span class='ocrx_word' id='word_1_289' title='bbox 515 3245 692 3321; x_wconf 87' lang='lat' dir='ltr'><strong>locupletem</strong></span> <span class='ocrx_word' id='word_1_290' title='bbox 712 3265 769 3322; x_wconf 80' lang='lat' dir='ltr'><strong>pro</strong></span> <span class='ocrx_word' id='word_1_291' title='bbox 792 3250 834 3302; x_wconf 84' lang='lat' dir='ltr'><strong>rei</strong></span> <span class='ocrx_word' id='word_1_292' title='bbox 855 3246 1001 3321; x_wconf 80' lang='lat' dir='ltr'><strong>qualitate.</strong></span> 
     </span>
    </p>

    <p class='ocr_par' dir='ltr' id='par_1_9' title="bbox 170 3346 1504 3628">
     <span class='ocr_line' id='line_1_29' title="bbox 254 3346 1503 3429; baseline -0.003 -23"><span class='ocrx_word' id='word_1_293' title='bbox 254 3346 339 3422; x_wconf 81' lang='lat' dir='ltr'><strong>Quae</strong></span> <span class='ocrx_word' id='word_1_294' title='bbox 362 3359 527 3425; x_wconf 91' lang='lat' dir='ltr'><strong>sequuntur</strong></span> <span class='ocrx_word' id='word_1_295' title='bbox 548 3348 578 3405; x_wconf 94' lang='lat' dir='ltr'><strong>in</strong></span> <span class='ocrx_word' id='word_1_296' title='bbox 600 3348 665 3425; x_wconf 78' lang='lat' dir='ltr'><strong>lege</strong></span> <span class='ocrx_word' id='word_1_297' title='bbox 687 3349 823 3405; x_wconf 88' lang='lat' dir='ltr'><strong>coloniae</strong></span> <span class='ocrx_word' id='word_1_298' title='bbox 844 3352 876 3404; x_wconf 84' lang='lat' dir='ltr'><strong>ni</strong></span> <span class='ocrx_word' id='word_1_299' title='bbox 898 3349 1034 3407; x_wconf 71' lang='lat' dir='ltr'><strong>uindicem</strong></span> <span class='ocrx_word' id='word_1_300' title='bbox 1056 3347 1135 3405; x_wconf 79' lang='lat' dir='ltr'><strong>ueta</strong></span> <span class='ocrx_word' id='word_1_301' title='bbox 1157 3348 1344 3429; x_wconf 67' lang='lat' dir='ltr'><strong>iudicaturum</strong></span> <span class='ocrx_word' id='word_1_302' title='bbox 1366 3346 1457 3422; x_wconf 88' lang='lat' dir='ltr'><strong>(male</strong></span> <span class='ocrx_word' id='word_1_303' title='bbox 1473 3347 1503 3403; x_wconf 94' lang='lat' dir='ltr'><strong>in</strong></span> 
     </span>
     <span class='ocr_line' id='line_1_30' title="bbox 170 3449 1504 3526; baseline -0.004 -16"><span class='ocrx_word' id='word_1_304' title='bbox 170 3470 240 3510; x_wconf 89' lang='lat' dir='ltr'><strong>aere</strong></span> <span class='ocrx_word' id='word_1_305' title='bbox 262 3464 308 3510; x_wconf 90' lang='lat' dir='ltr'><strong>est</strong></span> <span class='ocrx_word' id='word_1_306' title='bbox 330 3450 555 3525; x_wconf 76' lang='lat' dir='ltr'><strong>indicatumque)</strong></span> <span class='ocrx_word' id='word_1_307' title='bbox 571 3453 677 3526; x_wconf 81' lang='lat' dir='ltr'><strong>jaciet,</strong></span> <span class='ocrx_word' id='word_1_308' title='bbox 703 3469 795 3508; x_wconf 86' lang='lat' dir='ltr'><strong>seeum</strong></span> <span class='ocrx_word' id='word_1_309' title='bbox 816 3452 926 3519; x_wconf 85' lang='lat' dir='ltr'><strong>ducite,</strong></span> <span class='ocrx_word' id='word_1_310' title='bbox 952 3450 1041 3526; x_wconf 91' lang='lat' dir='ltr'><strong>plane</strong></span> <span class='ocrx_word' id='word_1_311' title='bbox 1063 3468 1209 3525; x_wconf 75' lang='lat' dir='ltr'><strong>expressa</strong></span> <span class='ocrx_word' id='word_1_312' title='bbox 1231 3457 1299 3506; x_wconf 88' lang='lat' dir='ltr'><strong>suut</strong></span> <span class='ocrx_word' id='word_1_313' title='bbox 1321 3469 1358 3507; x_wconf 87' lang='lat' dir='ltr'><strong>ex</strong></span> <span class='ocrx_word' id='word_1_314' title='bbox 1380 3449 1445 3506; x_wconf 86' lang='lat' dir='ltr'><strong>Xll</strong></span> <span class='ocrx_word' id='word_1_315' title='bbox 1461 3460 1504 3506; x_wconf 91' lang='lat' dir='ltr'><strong>ta-</strong></span> 
     </span>
     <span class='ocr_line' id='line_1_31' title="bbox 170 3553 1445 3628; baseline -0.003 -16"><span class='ocrx_word' id='word_1_316' title='bbox 170 3553 263 3612; x_wconf 84' lang='lat' dir='ltr'><strong>bulis:</strong></span> <span class='ocrx_word' id='word_1_317' title='bbox 286 3556 318 3611; x_wconf 82' lang='lat' dir='ltr'><strong>at‘</strong></span> <span class='ocrx_word' id='word_1_318' title='bbox 340 3555 494 3613; x_wconf 79' lang='lat' dir='ltr'><strong>iudicatum</strong></span> <span class='ocrx_word' id='word_1_319' title='bbox 510 3556 589 3628; x_wconf 75' lang='lat' dir='ltr'><strong>satit</strong></span> <span class='ocrx_word' id='word_1_320' title='bbox 610 3563 660 3610; x_wconf 86' lang='lat' dir='ltr'><strong>aut</strong></span> <span class='ocrx_word' id='word_1_321' title='bbox 682 3556 745 3627; x_wconf 83' lang='lat' dir='ltr'><strong>quia</strong></span> <span class='ocrx_word' id='word_1_322' title='bbox 768 3554 837 3609; x_wconf 75' lang='lat' dir='ltr'><strong>eraclo</strong></span> <span class='ocrx_word' id='word_1_323' title='bbox 861 3572 891 3609; x_wconf 89' lang='lat' dir='ltr'><strong>eo</strong></span> <span class='ocrx_word' id='word_1_324' title='bbox 915 3555 942 3609; x_wconf 79' lang='lat' dir='ltr'><strong>iu</strong></span> <span class='ocrx_word' id='word_1_325' title='bbox 967 3555 1027 3609; x_wconf 84' lang='lat' dir='ltr'><strong>iure</strong></span> <span class='ocrx_word' id='word_1_326' title='bbox 1048 3555 1104 3609; x_wconf 80' lang='lat' dir='ltr'><strong>sira</strong></span> <span class='ocrx_word' id='word_1_327' title='bbox 1126 3553 1206 3620; x_wconf 84' lang='lat' dir='ltr'><strong>dicit,</strong></span> <span class='ocrx_word' id='word_1_328' title='bbox 1227 3570 1320 3609; x_wconf 85' lang='lat' dir='ltr'><strong>secum</strong></span> <span class='ocrx_word' id='word_1_329' title='bbox 1343 3553 1445 3610; x_wconf 80' lang='lat' dir='ltr'><strong>duclla.</strong></span> 
     </span>
    </p>

    <p class='ocr_par' dir='ltr' id='par_1_10' title="bbox 171 3647 1505 4040">
     <span class='ocr_line' id='line_1_32' title="bbox 255 3647 1504 3732; baseline -0.002 -19"><span class='ocrx_word' id='word_1_330' title='bbox 255 3656 331 3713; x_wconf 88' lang='lat' dir='ltr'><strong>Item</strong></span> <span class='ocrx_word' id='word_1_331' title='bbox 358 3674 424 3713; x_wconf 90' lang='lat' dir='ltr'><strong>cum</strong></span> <span class='ocrx_word' id='word_1_332' title='bbox 451 3655 549 3732; x_wconf 86' lang='lat' dir='ltr'><strong>pergit</strong></span> <span class='ocrx_word' id='word_1_333' title='bbox 574 3655 624 3712; x_wconf 83' lang='lat' dir='ltr'><strong>lex</strong></span> <span class='ocrx_word' id='word_1_334' title='bbox 648 3647 797 3712; x_wconf 88' lang='lat' dir='ltr'><strong>coloniae:</strong></span> <span class='ocrx_word' id='word_1_335' title='bbox 827 3658 887 3712; x_wconf 83' lang='lat' dir='ltr'><strong>iura</strong></span> <span class='ocrx_word' id='word_1_336' title='bbox 909 3655 987 3712; x_wconf 81' lang='lat' dir='ltr'><strong>cicili</strong></span> <span class='ocrx_word' id='word_1_337' title='bbox 1009 3657 1132 3712; x_wconf 80' lang='lat' dir='ltr'><strong>cinctum</strong></span> <span class='ocrx_word' id='word_1_338' title='bbox 1154 3654 1267 3725; x_wconf 75' lang='lat' dir='ltr'><strong>habeto,</strong></span> <span class='ocrx_word' id='word_1_339' title='bbox 1294 3653 1412 3730; x_wconf 80' lang='lat' dir='ltr'><strong>adlegat</strong></span> <span class='ocrx_word' id='word_1_340' title='bbox 1432 3672 1504 3729; x_wconf 90' lang='lat' dir='ltr'><strong>qno·</strong></span> 
     </span>
     <span class='ocr_line' id='line_1_33' title="bbox 171 3755 1503 3833; baseline -0.003 -17"><span class='ocrx_word' id='word_1_341' title='bbox 171 3758 330 3817; x_wconf 89' lang='lat' dir='ltr'><strong>dammodo</strong></span> <span class='ocrx_word' id='word_1_342' title='bbox 353 3766 442 3833; x_wconf 86' lang='lat' dir='ltr'><strong>eaput</strong></span> <span class='ocrx_word' id='word_1_343' title='bbox 463 3757 525 3814; x_wconf 83' lang='lat' dir='ltr'><strong>Xll</strong></span> <span class='ocrx_word' id='word_1_344' title='bbox 544 3756 713 3814; x_wconf 90' lang='lat' dir='ltr'><strong>tabularum</strong></span> <span class='ocrx_word' id='word_1_345' title='bbox 735 3756 771 3813; x_wconf 91' lang='lat' dir='ltr'><strong>de</strong></span> <span class='ocrx_word' id='word_1_346' title='bbox 793 3755 896 3813; x_wconf 85' lang='lat' dir='ltr'><strong>eadem</strong></span> <span class='ocrx_word' id='word_1_347' title='bbox 918 3775 963 3813; x_wconf 87' lang='lat' dir='ltr'><strong>re:</strong></span> <span class='ocrx_word' id='word_1_348' title='bbox 986 3759 1091 3813; x_wconf 79' lang='lat' dir='ltr'><strong>airaclto</strong></span> <span class='ocrx_word' id='word_1_349' title='bbox 1114 3765 1164 3814; x_wconf 87' lang='lat' dir='ltr'><strong>aut</strong></span> <span class='ocrx_word' id='word_1_350' title='bbox 1185 3776 1270 3814; x_wconf 84' lang='lat' dir='ltr'><strong>aereo</strong></span> <span class='ocrx_word' id='word_1_351' title='bbox 1292 3766 1343 3814; x_wconf 87' lang='lat' dir='ltr'><strong>aut</strong></span> <span class='ocrx_word' id='word_1_352' title='bbox 1365 3757 1503 3831; x_wconf 76' lang='lat' dir='ltr'><strong>cartapedi-</strong></span> 
     </span>
     <span class='ocr_line' id='line_1_34' title="bbox 171 3858 1505 3936; baseline -0.004 -17"><span class='ocrx_word' id='word_1_353' title='bbox 171 3860 239 3919; x_wconf 83' lang='lat' dir='ltr'><strong>bus:</strong></span> <span class='ocrx_word' id='word_1_354' title='bbox 269 3859 447 3936; x_wconf 64' lang='lat' dir='ltr'><strong>le&#39;pauda</strong></span> <span class='ocrx_word' id='word_1_355' title='bbox 469 3879 503 3917; x_wconf 85' lang='lat' dir='ltr'><strong>ue</strong></span> <span class='ocrx_word' id='word_1_356' title='bbox 523 3863 630 3917; x_wconf 72' lang='lat' dir='ltr'><strong>ualuere</strong></span> <span class='ocrx_word' id='word_1_357' title='bbox 652 3868 702 3916; x_wconf 88' lang='lat' dir='ltr'><strong>aut</strong></span> <span class='ocrx_word' id='word_1_358' title='bbox 723 3863 749 3917; x_wconf 86' lang='lat' dir='ltr'><strong>ai</strong></span> <span class='ocrx_word' id='word_1_359' title='bbox 771 3858 843 3915; x_wconf 75' lang='lat' dir='ltr'><strong>calet</strong></span> <span class='ocrx_word' id='word_1_360' title='bbox 864 3861 970 3914; x_wconf 68' lang='lat' dir='ltr'><strong>astatore</strong></span> <span class='ocrx_word' id='word_1_361' title='bbox 992 3861 1111 3915; x_wconf 69' lang='lat' dir='ltr'><strong>sancito:</strong></span> <span class='ocrx_word' id='word_1_362' title='bbox 1132 3862 1158 3915; x_wconf 82' lang='lat' dir='ltr'><strong>sl</strong></span> <span class='ocrx_word' id='word_1_363' title='bbox 1179 3858 1261 3931; x_wconf 84' lang='lat' dir='ltr'><strong>calet,</strong></span> <span class='ocrx_word' id='word_1_364' title='bbox 1291 3878 1341 3915; x_wconf 73' lang='lat' dir='ltr'><strong>sita</strong></span> <span class='ocrx_word' id='word_1_365' title='bbox 1364 3861 1448 3914; x_wconf 80' lang='lat' dir='ltr'><strong>uiuite</strong></span> <span class='ocrx_word' id='word_1_366' title='bbox 1476 3864 1505 3914; x_wconf 89' lang='lat' dir='ltr'><strong>et</strong></span> 
     </span>
     <span class='ocr_line' id='line_1_35' title="bbox 171 3970 445 4040; baseline -0.011 -19"><span class='ocrx_word' id='word_1_367' title='bbox 171 3980 249 4040; x_wconf 88' lang='lat' dir='ltr'><strong>quae</strong></span> <span class='ocrx_word' id='word_1_368' title='bbox 271 3970 445 4038; x_wconf 90' lang='lat' dir='ltr'><strong>sequuntur.</strong></span> 
     </span>
    </p>

    <p class='ocr_par' dir='ltr' id='par_1_11' title="bbox 172 4061 1507 4859">
     <span class='ocr_line' id='line_1_36' title="bbox 257 4061 1506 4137; baseline -0.006 -15"><span class='ocrx_word' id='word_1_369' title='bbox 257 4062 400 4122; x_wconf 79' lang='lat' dir='ltr'><strong>Vinctum</strong></span> <span class='ocrx_word' id='word_1_370' title='bbox 427 4063 532 4122; x_wconf 91' lang='lat' dir='ltr'><strong>deinde</strong></span> <span class='ocrx_word' id='word_1_371' title='bbox 559 4065 678 4122; x_wconf 88' lang='lat' dir='ltr'><strong>tabulae</strong></span> <span class='ocrx_word' id='word_1_372' title='bbox 705 4073 811 4121; x_wconf 81' lang='lat' dir='ltr'><strong>cavent</strong></span> <span class='ocrx_word' id='word_1_373' title='bbox 832 4063 918 4120; x_wconf 83' lang='lat' dir='ltr'><strong>trinis</strong></span> <span class='ocrx_word' id='word_1_374' title='bbox 942 4062 1081 4121; x_wconf 89' lang='lat' dir='ltr'><strong>nundinis</strong></span> <span class='ocrx_word' id='word_1_375' title='bbox 1109 4062 1140 4120; x_wconf 90' lang='lat' dir='ltr'><strong>in</strong></span> <span class='ocrx_word' id='word_1_376' title='bbox 1162 4061 1312 4119; x_wconf 87' lang='lat' dir='ltr'><strong>comitium</strong></span> <span class='ocrx_word' id='word_1_377' title='bbox 1339 4061 1506 4137; x_wconf 89' lang='lat' dir='ltr'><strong>producen-</strong></span> 
     </span>
     <span class='ocr_line' id='line_1_37' title="bbox 173 4163 1506 4241; baseline -0.005 -16"><span class='ocrx_word' id='word_1_378' title='bbox 173 4167 243 4225; x_wconf 90' lang='lat' dir='ltr'><strong>dum</strong></span> <span class='ocrx_word' id='word_1_379' title='bbox 267 4184 343 4238; x_wconf 86' lang='lat' dir='ltr'><strong>esse,</strong></span> <span class='ocrx_word' id='word_1_380' title='bbox 367 4165 473 4224; x_wconf 91' lang='lat' dir='ltr'><strong>deinde</strong></span> <span class='ocrx_word' id='word_1_381' title='bbox 495 4167 594 4224; x_wconf 83' lang='lat' dir='ltr'><strong>venire</strong></span> <span class='ocrx_word' id='word_1_382' title='bbox 618 4184 719 4241; x_wconf 89' lang='lat' dir='ltr'><strong>posse.</strong></span> <span class='ocrx_word' id='word_1_383' title='bbox 754 4165 800 4222; x_wconf 91' lang='lat' dir='ltr'><strong>De</strong></span> <span class='ocrx_word' id='word_1_384' title='bbox 825 4164 969 4223; x_wconf 80' lang='lat' dir='ltr'><strong>vendendi</strong></span> <span class='ocrx_word' id='word_1_385' title='bbox 992 4166 1057 4222; x_wconf 87' lang='lat' dir='ltr'><strong>iure</strong></span> <span class='ocrx_word' id='word_1_386' title='bbox 1079 4183 1147 4223; x_wconf 88' lang='lat' dir='ltr'><strong>cum</strong></span> <span class='ocrx_word' id='word_1_387' title='bbox 1170 4164 1218 4221; x_wconf 84' lang='lat' dir='ltr'><strong>lex</strong></span> <span class='ocrx_word' id='word_1_388' title='bbox 1241 4163 1378 4221; x_wconf 86' lang='lat' dir='ltr'><strong>coloniae</strong></span> <span class='ocrx_word' id='word_1_389' title='bbox 1400 4175 1506 4233; x_wconf 88' lang='lat' dir='ltr'><strong>taceat,</strong></span> 
     </span>
     <span class='ocr_line' id='line_1_38' title="bbox 173 4264 1506 4344; baseline -0.005 -17"><span class='ocrx_word' id='word_1_390' title='bbox 173 4269 243 4328; x_wconf 90' lang='lat' dir='ltr'><strong>iude</strong></span> <span class='ocrx_word' id='word_1_391' title='bbox 268 4269 444 4344; x_wconf 83' lang='lat' dir='ltr'><strong>colligemus</strong></span> <span class='ocrx_word' id='word_1_392' title='bbox 469 4267 608 4327; x_wconf 89' lang='lat' dir='ltr'><strong>Caesaris</strong></span> <span class='ocrx_word' id='word_1_393' title='bbox 636 4275 734 4326; x_wconf 87' lang='lat' dir='ltr'><strong>aetate</strong></span> <span class='ocrx_word' id='word_1_394' title='bbox 756 4286 863 4325; x_wconf 79' lang='lat' dir='ltr'><strong>marnis</strong></span> <span class='ocrx_word' id='word_1_395' title='bbox 891 4268 1077 4326; x_wconf 87' lang='lat' dir='ltr'><strong>iniectionem</strong></span> <span class='ocrx_word' id='word_1_396' title='bbox 1104 4266 1227 4324; x_wconf 89' lang='lat' dir='ltr'><strong>iudicati</strong></span> <span class='ocrx_word' id='word_1_397' title='bbox 1253 4275 1282 4323; x_wconf 89' lang='lat' dir='ltr'><strong>et</strong></span> <span class='ocrx_word' id='word_1_398' title='bbox 1309 4264 1432 4323; x_wconf 87' lang='lat' dir='ltr'><strong>ducendi</strong></span> <span class='ocrx_word' id='word_1_399' title='bbox 1460 4266 1506 4321; x_wconf 86' lang='lat' dir='ltr'><strong>ius</strong></span> 
     </span>
     <span class='ocr_line' id='line_1_39' title="bbox 172 4367 1506 4447; baseline -0.005 -16"><span class='ocrx_word' id='word_1_400' title='bbox 172 4372 217 4431; x_wconf 82' lang='lat' dir='ltr'><strong>its</strong></span> <span class='ocrx_word' id='word_1_401' title='bbox 238 4372 395 4442; x_wconf 89' lang='lat' dir='ltr'><strong>mansisse,</strong></span> <span class='ocrx_word' id='word_1_402' title='bbox 418 4382 451 4430; x_wconf 91' lang='lat' dir='ltr'><strong>ut</strong></span> <span class='ocrx_word' id='word_1_403' title='bbox 473 4371 523 4447; x_wconf 91' lang='lat' dir='ltr'><strong>qui</strong></span> <span class='ocrx_word' id='word_1_404' title='bbox 546 4370 653 4429; x_wconf 90' lang='lat' dir='ltr'><strong>ductus</strong></span> <span class='ocrx_word' id='word_1_405' title='bbox 676 4382 764 4441; x_wconf 86' lang='lat' dir='ltr'><strong>esset,</strong></span> <span class='ocrx_word' id='word_1_406' title='bbox 787 4371 904 4429; x_wconf 82' lang='lat' dir='ltr'><strong>vinctus</strong></span> <span class='ocrx_word' id='word_1_407' title='bbox 926 4381 1091 4426; x_wconf 88' lang='lat' dir='ltr'><strong>remaneret</strong></span> <span class='ocrx_word' id='word_1_408' title='bbox 1110 4368 1249 4444; x_wconf 88' lang='lat' dir='ltr'><strong>quamdiu</strong></span> <span class='ocrx_word' id='word_1_409' title='bbox 1264 4367 1392 4425; x_wconf 89' lang='lat' dir='ltr'><strong>creditor</strong></span> <span class='ocrx_word' id='word_1_410' title='bbox 1407 4367 1506 4436; x_wconf 82' lang='lat' dir='ltr'><strong>vellet,</strong></span> 
     </span>
     <span class='ocr_line' id='line_1_40' title="bbox 174 4469 1507 4545; baseline -0.008 -11"><span class='ocrx_word' id='word_1_411' title='bbox 174 4474 321 4534; x_wconf 81' lang='lat' dir='ltr'><strong>vendendi</strong></span> <span class='ocrx_word' id='word_1_412' title='bbox 342 4474 391 4534; x_wconf 83' lang='lat' dir='ltr'><strong>vel</strong></span> <span class='ocrx_word' id='word_1_413' title='bbox 418 4473 569 4531; x_wconf 90' lang='lat' dir='ltr'><strong>occidendi</strong></span> <span class='ocrx_word' id='word_1_414' title='bbox 597 4473 660 4530; x_wconf 91' lang='lat' dir='ltr'><strong>iure</strong></span> <span class='ocrx_word' id='word_1_415' title='bbox 688 4474 813 4532; x_wconf 85' lang='lat' dir='ltr'><strong>sublato.</strong></span> <span class='ocrx_word' id='word_1_416' title='bbox 861 4470 928 4545; x_wconf 84' lang='lat' dir='ltr'><strong>Qua</strong></span> <span class='ocrx_word' id='word_1_417' title='bbox 955 4471 992 4529; x_wconf 88' lang='lat' dir='ltr'><strong>de</strong></span> <span class='ocrx_word' id='word_1_418' title='bbox 1019 4491 1051 4529; x_wconf 88' lang='lat' dir='ltr'><strong>re</strong></span> <span class='ocrx_word' id='word_1_419' title='bbox 1078 4472 1134 4529; x_wconf 90' lang='lat' dir='ltr'><strong>etsi</strong></span> <span class='ocrx_word' id='word_1_420' title='bbox 1157 4469 1276 4528; x_wconf 88' lang='lat' dir='ltr'><strong>aliunde</strong></span> <span class='ocrx_word' id='word_1_421' title='bbox 1299 4487 1416 4545; x_wconf 70' lang='lat' dir='ltr'><strong>equoque</strong></span> <span class='ocrx_word' id='word_1_422' title='bbox 1438 4488 1507 4525; x_wconf 91' lang='lat' dir='ltr'><strong>con·</strong></span> 
     </span>
     <span class='ocr_line' id='line_1_41' title="bbox 175 4571 1507 4651; baseline -0.005 -16"><span class='ocrx_word' id='word_1_423' title='bbox 175 4584 236 4637; x_wconf 85' lang='lat' dir='ltr'><strong>stat</strong></span> <span class='ocrx_word' id='word_1_424' title='bbox 260 4576 302 4651; x_wconf 80' lang='lat' dir='ltr'><strong>(u.</strong></span> <span class='ocrx_word' id='word_1_425' title='bbox 326 4595 351 4634; x_wconf 87' lang='lat' dir='ltr'><strong>e.</strong></span> <span class='ocrx_word' id='word_1_426' title='bbox 375 4595 400 4633; x_wconf 87' lang='lat' dir='ltr'><strong>c.</strong></span> <span class='ocrx_word' id='word_1_427' title='bbox 424 4573 531 4634; x_wconf 87' lang='lat' dir='ltr'><strong>Cicero</strong></span> <span class='ocrx_word' id='word_1_428' title='bbox 552 4594 607 4650; x_wconf 90' lang='lat' dir='ltr'><strong>pro</strong></span> <span class='ocrx_word' id='word_1_429' title='bbox 623 4574 732 4633; x_wconf 86' lang='lat' dir='ltr'><strong>Flacco</strong></span> <span class='ocrx_word' id='word_1_430' title='bbox 749 4574 798 4646; x_wconf 79' lang='lat' dir='ltr'><strong>ut,</strong></span> <span class='ocrx_word' id='word_1_431' title='bbox 814 4574 852 4631; x_wconf 83' lang='grc'><strong>49</strong></span> <span class='ocrx_word' id='word_1_432' title='bbox 861 4596 869 4645; x_wconf 83' lang='grc'><strong>;</strong></span> <span class='ocrx_word' id='word_1_433' title='bbox 893 4575 911 4631; x_wconf 90' lang='lat' dir='ltr'><strong>l.</strong></span> <span class='ocrx_word' id='word_1_434' title='bbox 934 4573 1049 4631; x_wconf 87' lang='lat' dir='ltr'><strong>Rubria</strong></span> <span class='ocrx_word' id='word_1_435' title='bbox 1072 4573 1159 4631; x_wconf 77' lang='lat' dir='ltr'><strong>roll</strong></span> <span class='ocrx_word' id='word_1_436' title='bbox 1183 4593 1209 4629; x_wconf 90' lang='lat' dir='ltr'><strong>n.</strong></span> <span class='ocrx_word' id='word_1_437' title='bbox 1228 4571 1287 4629; x_wconf 66' lang='lat'><strong>205</strong></span> <span class='ocrx_word' id='word_1_438' title='bbox 1310 4572 1351 4642; x_wconf 89' lang='lat' dir='ltr'><strong>ll,</strong></span> <span class='ocrx_word' id='word_1_439' title='bbox 1372 4572 1418 4629; x_wconf 81' lang='lat' dir='ltr'><strong>lt).</strong></span> <span class='ocrx_word' id='word_1_440' title='bbox 1442 4572 1507 4646; x_wconf 84' lang='lat'>46),</span> 
     </span>
     <span class='ocr_line' id='line_1_42' title="bbox 173 4673 1505 4748; baseline -0.004 -11"><span class='ocrx_word' id='word_1_441' title='bbox 173 4678 368 4739; x_wconf 85' lang='lat' dir='ltr'><strong>nihilomiuus</strong></span> <span class='ocrx_word' id='word_1_442' title='bbox 385 4678 554 4736; x_wconf 87' lang='lat' dir='ltr'><strong>testimonio</strong></span> <span class='ocrx_word' id='word_1_443' title='bbox 578 4679 606 4735; x_wconf 91' lang='lat' dir='ltr'><strong>id</strong></span> <span class='ocrx_word' id='word_1_444' title='bbox 624 4687 654 4735; x_wconf 93' lang='lat' dir='ltr'><strong>ut</strong></span> <span class='ocrx_word' id='word_1_445' title='bbox 676 4679 775 4748; x_wconf 87' lang='lat' dir='ltr'><strong>tacito,</strong></span> <span class='ocrx_word' id='word_1_446' title='bbox 798 4677 839 4734; x_wconf 86' lang='lat' dir='ltr'><strong>ita</strong></span> <span class='ocrx_word' id='word_1_447' title='bbox 854 4686 934 4733; x_wconf 89' lang='lat' dir='ltr'><strong>certo</strong></span> <span class='ocrx_word' id='word_1_448' title='bbox 950 4685 979 4733; x_wconf 91' lang='lat' dir='ltr'><strong>et</strong></span> <span class='ocrx_word' id='word_1_449' title='bbox 995 4675 1124 4733; x_wconf 80' lang='lat' dir='ltr'><strong>evidenti</strong></span> <span class='ocrx_word' id='word_1_450' title='bbox 1140 4693 1218 4731; x_wconf 79' lang='lat' dir='ltr'><strong>utine</strong></span> <span class='ocrx_word' id='word_1_451' title='bbox 1241 4673 1409 4731; x_wconf 87' lang='lat' dir='ltr'><strong>confirmari</strong></span> <span class='ocrx_word' id='word_1_452' title='bbox 1433 4673 1505 4732; x_wconf 91' lang='lat' dir='ltr'><strong>iuris</strong></span> 
     </span>
     <span class='ocr_line' id='line_1_43' title="bbox 175 4762 1138 4859; baseline -0.008 -18"><span class='ocrx_word' id='word_1_453' title='bbox 175 4781 338 4859; x_wconf 82' lang='lat' dir='ltr'><strong>prudentes</strong></span> <span class='ocrx_word' id='word_1_454' title='bbox 361 4781 468 4858; x_wconf 92' lang='lat' dir='ltr'><strong>opinor</strong></span> <span class='ocrx_word' id='word_1_455' title='bbox 491 4781 589 4856; x_wconf 84' lang='lat' dir='ltr'><strong>magni</strong></span> <span class='ocrx_word' id='word_1_456' title='bbox 612 4780 729 4838; x_wconf 85' lang='lat' dir='ltr'><strong>facient.</strong></span> <span class='ocrx_word' id='word_1_457' title='bbox 1136 4762 1138 4766; x_wconf 37' lang='lat'>⁵</span> 
     </span>
    </p>

    <p class='ocr_par' dir='ltr' id='par_1_12' title="bbox 167 4879 1510 5265">
     <span class='ocr_line' id='line_1_44' title="bbox 258 4879 1509 4959; baseline -0.006 -17"><span class='ocrx_word' id='word_1_458' title='bbox 258 4882 405 4942; x_wconf 86' lang='lat' dir='ltr'><strong>Extrema</strong></span> <span class='ocrx_word' id='word_1_459' title='bbox 431 4902 509 4959; x_wconf 85' lang='lat' dir='ltr'><strong>quae</strong></span> <span class='ocrx_word' id='word_1_460' title='bbox 536 4893 605 4940; x_wconf 90' lang='lat' dir='ltr'><strong>sunt</strong></span> <span class='ocrx_word' id='word_1_461' title='bbox 631 4883 661 4939; x_wconf 92' lang='lat' dir='ltr'><strong>in</strong></span> <span class='ocrx_word' id='word_1_462' title='bbox 689 4883 745 4938; x_wconf 90' lang='lat' dir='ltr'><strong>hoc</strong></span> <span class='ocrx_word' id='word_1_463' title='bbox 773 4882 871 4958; x_wconf 89' lang='lat' dir='ltr'><strong>capite</strong></span> <span class='ocrx_word' id='word_1_464' title='bbox 898 4881 973 4957; x_wconf 83' lang='lat' dir='ltr'><strong>legis</strong></span> <span class='ocrx_word' id='word_1_465' title='bbox 1002 4879 1172 4955; x_wconf 88' lang='lat' dir='ltr'><strong>Hispanae:</strong></span> <span class='ocrx_word' id='word_1_466' title='bbox 1204 4882 1230 4936; x_wconf 83' lang='lat' dir='ltr'><strong>si</strong></span> <span class='ocrx_word' id='word_1_467' title='bbox 1256 4882 1320 4953; x_wconf 81' lang='lat' dir='ltr'><strong>quta</strong></span> <span class='ocrx_word' id='word_1_468' title='bbox 1348 4882 1377 4935; x_wconf 80' lang='lat' dir='ltr'><strong>ia</strong></span> <span class='ocrx_word' id='word_1_469' title='bbox 1403 4897 1433 4936; x_wconf 91' lang='lat' dir='ltr'><strong>eo</strong></span> <span class='ocrx_word' id='word_1_470' title='bbox 1453 4881 1509 4935; x_wconf 80' lang='lat' dir='ltr'><strong>airu</strong></span> 
     </span>
     <span class='ocr_line' id='line_1_45' title="bbox 167 4981 1510 5065; baseline -0.007 -19"><span class='ocrx_word' id='word_1_471' title='bbox 167 4990 272 5065; x_wconf 75' lang='lat' dir='ltr'><strong>saciat,</strong></span> <span class='ocrx_word' id='word_1_472' title='bbox 293 4995 341 5044; x_wconf 81' lang='lat' dir='ltr'><strong>ast</strong></span> <span class='ocrx_word' id='word_1_473' title='bbox 361 4988 421 5043; x_wconf 82' lang='lat' dir='ltr'><strong>eius</strong></span> <span class='ocrx_word' id='word_1_474' title='bbox 442 4987 573 5052; x_wconf 78' lang='lat' dir='ltr'><strong>uincitur,</strong></span> <span class='ocrx_word' id='word_1_475' title='bbox 598 4985 681 5059; x_wconf 81' lang='lat' dir='ltr'><strong>dupli</strong></span> <span class='ocrx_word' id='word_1_476' title='bbox 703 4985 823 5040; x_wconf 69' lang='lat' dir='ltr'><strong>decanus</strong></span> <span class='ocrx_word' id='word_1_477' title='bbox 847 4993 904 5040; x_wconf 89' lang='lat' dir='ltr'><strong>esto</strong></span> <span class='ocrx_word' id='word_1_478' title='bbox 930 4983 1046 5057; x_wconf 86' lang='lat' dir='ltr'><strong>etipsa</strong></span> <span class='ocrx_word' id='word_1_479' title='bbox 1069 4982 1216 5057; x_wconf 85' lang='lat' dir='ltr'><strong>proticisci</strong></span> <span class='ocrx_word' id='word_1_480' title='bbox 1240 5001 1278 5038; x_wconf 83' lang='lat' dir='ltr'><strong>ex</strong></span> <span class='ocrx_word' id='word_1_481' title='bbox 1300 4981 1510 5055; x_wconf 86' lang='lat' dir='ltr'><strong>antiquissima</strong></span> 
     </span>
     <span class='ocr_line' id='line_1_46' title="bbox 175 5081 1509 5167; baseline -0.008 -19"><span class='ocrx_word' id='word_1_482' title='bbox 175 5088 244 5167; x_wconf 77' lang='lat' dir='ltr'><strong>lege</strong></span> <span class='ocrx_word' id='word_1_483' title='bbox 263 5086 404 5147; x_wconf 81' lang='lat' dir='ltr'><strong>Romarm</strong></span> <span class='ocrx_word' id='word_1_484' title='bbox 429 5085 477 5143; x_wconf 85' lang='lat' dir='ltr'><strong>vel</strong></span> <span class='ocrx_word' id='word_1_485' title='bbox 504 5085 570 5143; x_wconf 91' lang='lat' dir='ltr'><strong>sola</strong></span> <span class='ocrx_word' id='word_1_486' title='bbox 597 5085 744 5160; x_wconf 86' lang='lat' dir='ltr'><strong>particula</strong></span> <span class='ocrx_word' id='word_1_487' title='bbox 772 5096 817 5143; x_wconf 83' lang='lat' dir='ltr'><strong>ast</strong></span> <span class='ocrx_word' id='word_1_488' title='bbox 843 5105 897 5161; x_wconf 90' lang='lat' dir='ltr'><strong>pro</strong></span> <span class='ocrx_word' id='word_1_489' title='bbox 925 5088 951 5141; x_wconf 83' lang='lat' dir='ltr'><strong>sl.</strong></span> <span class='ocrx_word' id='word_1_490' title='bbox 979 5084 1053 5142; x_wconf 84' lang='lat' dir='ltr'><strong>satis</strong></span> <span class='ocrx_word' id='word_1_491' title='bbox 1079 5084 1210 5142; x_wconf 87' lang='lat' dir='ltr'><strong>ostendit</strong></span> <span class='ocrx_word' id='word_1_492' title='bbox 1239 5084 1269 5140; x_wconf 91' lang='lat' dir='ltr'><strong>in</strong></span> <span class='ocrx_word' id='word_1_493' title='bbox 1291 5083 1355 5141; x_wconf 89' lang='lat' dir='ltr'><strong>iure</strong></span> <span class='ocrx_word' id='word_1_494' title='bbox 1377 5081 1509 5140; x_wconf 91' lang='lat' dir='ltr'><strong>noudum</strong></span> 
     </span>
     <span class='ocr_line' id='line_1_47' title="bbox 174 5184 1510 5265; baseline -0.008 -14"><span class='ocrx_word' id='word_1_495' title='bbox 174 5190 300 5251; x_wconf 68' lang='lat' dir='ltr'><strong>intents</strong></span> <span class='ocrx_word' id='word_1_496' title='bbox 327 5186 387 5249; x_wconf 85' lang='lat' dir='ltr'><strong>nisi</strong></span> <span class='ocrx_word' id='word_1_497' title='bbox 414 5187 449 5247; x_wconf 86' lang='lat' dir='ltr'><strong>in</strong></span> <span class='ocrx_word' id='word_1_498' title='bbox 473 5188 623 5265; x_wconf 84' lang='lat' dir='ltr'><strong>excerptis</strong></span> <span class='ocrx_word' id='word_1_499' title='bbox 653 5206 691 5245; x_wconf 83' lang='lat' dir='ltr'><strong>ex</strong></span> <span class='ocrx_word' id='word_1_500' title='bbox 720 5186 781 5244; x_wconf 85' lang='lat' dir='ltr'><strong>Xll</strong></span> <span class='ocrx_word' id='word_1_501' title='bbox 811 5186 932 5245; x_wconf 86' lang='lat' dir='ltr'><strong>tabulis.</strong></span> <span class='ocrx_word' id='word_1_502' title='bbox 977 5185 1044 5244; x_wconf 86' lang='lat' dir='ltr'><strong>Vim</strong></span> <span class='ocrx_word' id='word_1_503' title='bbox 1074 5193 1173 5245; x_wconf 87' lang='lat' dir='ltr'><strong>autem</strong></span> <span class='ocrx_word' id='word_1_504' title='bbox 1202 5185 1273 5244; x_wconf 88' lang='lat' dir='ltr'><strong>sceit</strong></span> <span class='ocrx_word' id='word_1_505' title='bbox 1300 5186 1408 5261; x_wconf 88' lang='lat' dir='ltr'><strong>opinor</strong></span> <span class='ocrx_word' id='word_1_506' title='bbox 1446 5184 1510 5243; x_wconf 86' lang='lat' dir='ltr'><strong>vin·</strong></span> 
     </span>
    </p>
   </div>
   <div class='ocr_carea' id='block_1_7' title="bbox 0 0 1775 5812">
    <p class='ocr_par' dir='ltr' id='par_1_13' title="bbox 0 0 1775 5812">
     <span class='ocr_line' id='line_1_48' title="bbox 0 0 1775 5812; baseline 0 0"><span class='ocrx_word' id='word_1_507' title='bbox 0 0 1775 5812; x_wconf 95' lang='lat' dir='ltr'><strong> </strong></span> 
     </span>
    </p>
   </div>
  </div>
 </body>
</html>
