3510 5812
419 480 472 530 nu
499 479 639 532 naseos
666 479 905 532 cousvuenus
934 477 1192 529 semronmos.
1421 459 1466 526 15

142 653 260 728 solique
283 651 440 713 Sardiniae
463 654 614 729 prioribus
637 653 770 729 Augusti
793 652 989 728 temporibus]
1003 684 1042 695 —
1060 653 1098 709 A.
1121 651 1252 709 licinius
1274 654 1309 708 A.
1327 652 1356 725 s.
1380 649 1417 707 A.
1439 668 1468 706 ra

141 756 242 814 Nerua
265 754 412 814 Silianua:
433 756 470 814 es.
495 754 571 813 Vell.
595 753 624 826 2,
643 756 711 827 116,
728 757 761 813 4:
789 755 823 813 P.
847 752 907 812 Sili
930 755 1010 830 filius
1034 754 1128 830 (quem
1149 756 1241 809 uirum
1261 772 1296 810 ue
1317 756 1368 829 qui
1387 751 1470 810 iutel-

141 857 209 916 leait
229 860 342 934 quidem
365 858 476 916 abunde
501 862 623 916 miratus
650 867 700 928 eat,
728 867 760 914 ut
780 855 854 914 nillil
873 875 929 914 non
952 859 1055 932 optimc
1077 859 1141 925 cici,
1169 857 1380 930 simplicissimo
1403 855 1471 911 duci

138 960 272 1037 perisset)
291 969 464 1037 praereptus
484 964 632 1019 immature
652 968 678 1017 et
692 961 794 1033 fructu
814 958 1009 1033 amplissimae
1027 961 1173 1033 principie
1196 960 1337 1015 amicitiae
1358 967 1383 1013 et
1403 973 1469 1012 con·

140 1066 324 1121 summarium
350 1072 458 1121 euectae
483 1067 514 1119 ta
535 1062 706 1120 altissimum
724 1070 930 1136 paternumque
945 1063 1099 1136 sustipium
1120 1059 1324 1133 mapnitudiuis
1346 1059 1469 1132 defemmr

142 1174 191 1223 cst.
236 1164 397 1240 [Maiorem
421 1183 459 1221 ex
482 1163 644 1240 adoptione
667 1163 788 1220 nomina
810 1180 888 1220 nuuo
910 1162 1027 1220 demum
1050 1161 1279 1236 cognoscimus}
1296 1193 1333 1202 —
1350 1158 1468 1217 Licinio

140 1265 260 1325 Nervae
287 1268 343 1325 hoe
373 1284 450 1323 anno
479 1265 633 1324 suffectum
660 1283 727 1324 esse
752 1263 902 1322 Lucilium
930 1263 1078 1339 Longum,
1105 1259 1256 1320 Creticum
1288 1281 1342 1338 per
1375 1270 1467 1319 totum

142 1387 252 1427 aunum
275 1369 372 1426 fasces
395 1369 527 1444 gessisse
549 1367 713 1425 ostendunt
740 1366 809 1424 fasti
833 1365 1013 1423 Amiternini
1036 1364 1128 1440 (Aug.
1155 1363 1217 1439 10),
1238 1365 1268 1422 in
1290 1363 1399 1438 quibus
1422 1373 1470 1421 est

143 1470 252 1528 Cretico
278 1482 305 1529 et
331 1470 433 1545 Lonpo
456 1488 521 1528 coa:
548 1468 585 1528 cf.
614 1469 759 1527 Marinius
788 1468 859 1525 Aru.
887 1488 915 1544 p.
935 1469 988 1538 153
1024 1466 1210 1542 Borghesius
1239 1484 1308 1541 opp.
1336 1465 1364 1535 5,
1393 1464 1468 1534 308;

142 1572 346 1632 Mommsenus
370 1572 400 1633 C.
423 1572 449 1630 J.
472 1571 511 1630 L.
537 1573 550 1628 l
576 1589 605 1647 p.
620 1571 691 1630 399.

225 1861 354 1921 Adoifus
369 1861 526 1939 Kiessling
547 1879 614 1919 eum
637 1862 667 1919 in
690 1860 775 1918 libris
792 1859 969 1918 Horatianis
991 1858 1183 1915 observasset
1204 1857 1328 1914 carmini
1351 1864 1468 1932 poetae,

143 1965 222 2041 quod
240 1973 376 2041 quartum
400 1975 447 2022 est
467 1963 535 2021 libri
550 1963 648 2039 primi,
671 1963 836 2039 praescribi
858 1961 955 2019 solere
971 1962 1011 2017 ud
1027 1957 1150 2017 Sestium
1167 1957 1327 2028 Quirinum,
1349 1977 1415 2015 cum
1439 1959 1468 2014 in

141 2069 208 2143 ipso
231 2067 361 2124 carmine
384 2084 443 2123 non
466 2067 506 2123 sit
528 2066 585 2123 nisi
602 2063 693 2125 Sestii
711 2083 817 2122 nomen
834 2083 930 2138 neque
950 2062 1076 2120 alterum
1098 2060 1160 2117 ullo
1176 2060 1237 2117 alio
1260 2060 1325 2118 loco
1340 2080 1358 2116 a
1380 2067 1469 2135 poeta

141 2170 321 2239 enuntietur,
350 2188 403 2244 per
424 2168 540 2224 litteras
566 2186 612 2224 me
634 2166 840 2241 interrogavit,
866 2165 897 2222 in
922 2163 1067 2222 fastorum
1090 2182 1116 2220 a.
1141 2162 1198 2220 731
1226 2161 1360 2237 reliquiis
1382 2182 1401 2219 a
1421 2180 1468 2218 me

141 2272 229 2330 editis
252 2271 294 2328 sic

647 2406 660 2444 t.
681 2406 759 2445 aestiua
778 2415 803 2455 p.
825 2403 841 2444 F
864 2385 929 2443 VIBI
950 2414 964 2442 rr

142 2573 259 2630 litterae
285 2571 354 2628 illae
381 2571 513 2647 quinque
539 2571 710 2629 dimidiatae
733 2588 831 2628 annon
855 2585 941 2640 Qymr
964 2569 1065 2645 potius
1089 2567 1207 2624 luerint.
1251 2567 1298 2624 Re
1321 2586 1390 2624 vera
1411 2585 1467 2641 ego

140 2674 240 2750 lapide
262 2682 399 2730 accurate
420 2672 554 2749 inspecto
577 2690 737 2748 superesse
759 2669 1033 2750 repperix‘ghhf.
1076 2667 1184 2743 Neque
1211 2669 1303 2742 igitur
1328 2668 1387 2725 iam
1414 2667 1466 2723 du·

140 2776 228 2833 bituri
250 2774 338 2833 debet
359 2775 396 2831 de
419 2775 559 2834 lectione:

587 2931 601 2969 r.
623 2928 702 2970 serres
721 2925 780 2979 ns.
803 2928 815 2968 ι.
837 2938 859 2967 n.
881 2908 1024 2980 anlrrm

224 3097 272 3155 De
295 3097 351 3155 hoc
373 3114 428 3155 suo
450 3098 570 3156 invento
594 3107 752 3173 postquam
775 3097 840 3172 ipse
860 3095 1066 3171 Kiesslingius
1088 3095 1233 3169 exposuit
1255 3093 1306 3168 (de
1325 3092 1467 3151 Horatia·

141 3218 247 3257 norum
269 3200 432 3257 carminum
455 3200 701 3275 inscriptionibus
724 3198 1035 3257 commentatiuncula.
1081 3195 1337 3273 Grypbisvaldiae
1363 3194 1467 3268 1876),

139 3320 196 3377 ego
219 3319 337 3377 quoque
359 3320 396 3358 ne
419 3301 448 3358 id
471 3319 523 3359 eos
546 3301 641 3376 fugiat
662 3302 713 3376 qui
736 3301 823 3357 fastis
848 3308 969 3357 utuntur
991 3317 1095 3357 curare
1118 3297 1214 3354 debui.

1185 3482 1224 3542 G.
1248 3481 1424 3557 Hennaea)

136 3815 139 3820 -
219 3776 242 3842 ¹)
263 3777 335 3838 Quae
355 3779 473 3841 leguntur
493 3777 561 3826 intra
581 3778 655 3825 unios
675 3776 822 3839 quadratos,
843 3776 936 3824 adiecit
956 3775 1140 3824 Mommsenus.
