3510 5812
208 471 251 539 17
258 470 278 538 6
798 476 945 537 abanan

205 666 278 723 tutis
299 663 363 721 fisci
387 662 505 720 nomine
526 679 635 738 praeco
657 661 749 737 gratis
769 661 959 737 praebendus
981 670 1040 734 est;
1066 662 1098 719 in
1124 672 1281 737 puteorum
1307 659 1532 719 venditionibus

204 767 366 826 centesima
387 764 539 840 praeconii
560 764 598 820 ab
620 775 753 838 emptore
777 764 915 841 exigitur.

63 871 106 920 111
122 870 191 921 Bali·
288 866 387 942 Quam
409 867 467 924 late
489 865 664 924 balneorum
687 884 760 923 usus
775 868 905 944 patuerit
925 887 979 945 per
1001 876 1093 925 totam
1116 868 1323 944 antiquitatem
1339 866 1531 925 notissimam

69 955 111 1002 ¹¹⁰³
130 955 183 1003 fru-
203 979 264 1040 est;
285 990 323 1028 ne
345 970 444 1047 operis
460 968 577 1044 quidem
593 967 780 1026 metallorum
803 970 984 1046 pauperibus
998 969 1175 1028 beneficium
1189 970 1246 1028 hoc
1269 969 1399 1029 salutare
1422 969 1532 1028 deesse

97 1037 156 1085 endi

60 1074 361 1169 v.1a.31l⁰¹¹¹⁰s¹¹¹¹t
381 1072 432 1147 qui
455 1091 491 1129 ea
512 1071 663 1147 regebant.
706 1070 837 1129 Lacutur
857 1072 958 1131 balnei
979 1072 1094 1131 fructus
1110 1072 1281 1132 conductori
1303 1072 1354 1143 ita,
1377 1081 1409 1129 ut
1431 1072 1458 1128 is
1481 1090 1530 1129 ar·

202 1177 314 1233 bitratu
341 1174 543 1251 procuratoris
570 1172 755 1232 metallorum
782 1193 800 1231 a
824 1174 963 1232 kalendis
991 1174 1077 1232 Iuliis
1105 1175 1192 1233 unius
1222 1175 1367 1250 cuiusque
1396 1174 1468 1233 anni
1494 1174 1529 1233 in

201 1278 297 1354 pridie
319 1276 464 1336 kalendas
487 1276 607 1335 easdem
630 1276 701 1334 anni
722 1277 874 1351 sequentis
902 1295 957 1335 sua
982 1277 1120 1354 impensa
1140 1277 1247 1336 balnea
1272 1287 1351 1335 recte
1372 1286 1530 1354 praestare

201 1381 308 1439 debeat
333 1380 471 1437 omnibus
498 1380 603 1437 diebus
631 1378 719 1437 certis
745 1378 804 1436 diei
834 1379 916 1437 horis
942 1379 1014 1437 viris
1042 1379 1274 1456 mulieribusque
1301 1380 1405 1455 pretiis
1427 1379 1527 1439 certis.

201 1484 252 1540 Ab
279 1482 353 1540 hora
379 1492 485 1541 octava
510 1483 590 1539 viros
619 1482 733 1539 Romae
758 1482 859 1538 lavare
886 1482 1079 1540 consuevisse
1105 1501 1144 1540 ex
1170 1482 1237 1540 aliis
1263 1482 1323 1540 iarn
1349 1482 1529 1543 testimoniis

202 1585 346 1644 deducere
368 1584 464 1654 licuit3
488 1582 644 1641 mulierum
664 1585 755 1641 horae
777 1594 875 1642 certae
892 1584 1022 1642 nondum
1044 1589 1245 1643 innotuerunt
1290 1584 1413 1646 Scilicet
1433 1603 1526 1661 quan-

201 1706 291 1762 quam
319 1696 549 1745 consentaneum
577 1696 633 1758 est,
665 1686 791 1745 diversis
818 1686 894 1746 locis
924 1687 1014 1745 boras
1041 1706 1160 1763 quoqne
1185 1686 1359 1746 balneorum
1381 1687 1527 1759 variasse,

200 1790 230 1848 in
253 1790 421 1847 universum
448 1797 547 1846 tamen
577 1787 728 1861 credibile,
752 1808 827 1865 (puae
850 1788 964 1847 Romae
985 1790 1016 1848 in
1039 1808 1095 1848 usu
1121 1799 1206 1848 erant
1231 1791 1332 1861 horae,
1357 1807 1410 1849 eas
1436 1794 1528 1848 etiam

200 1893 273 1950 alibi
295 1893 469 1950 observatas
491 1909 557 1950 esse
580 1891 661 1965 (vide
684 1891 926 1968 Marquardtii
948 1892 1059 1950 enchir.
1079 1891 1107 1949 V
1129 1894 1142 1949 l
1168 1913 1197 1969 p.
1215 1891 1298 1968 278).
1343 1892 1389 1950 Ita
1414 1893 1446 1950 in
1466 1893 1527 1952 hoc

200 2015 319 2072 quoque
345 1993 463 2052 metallo
491 1993 606 2051 videtur
632 2011 709 2052 more
735 1994 832 2052 urbico
865 1995 996 2053 lavatam
1022 2012 1102 2066 esse,
1136 2005 1169 2052 ut
1194 2006 1240 2053 est
1265 1995 1297 2052 in
1323 1995 1419 2053 titulis
1447 1995 1527 2053 notis

199 2099 314 2156 duobus
337 2096 519 2155 Bononiensi
542 2106 573 2153 et
593 2096 764 2154 suburbano
786 2098 866 2172 apud
886 2097 1079 2155 Marinium
1107 2096 1193 2172 (ΑΝ.
1216 2116 1245 2173 p.
1262 2095 1348 2172 532).
1393 2096 1440 2155 De
1462 2097 1528 2156 bal·

199 2219 323 2259 neotum
360 2199 463 2275 pretiis
498 2218 559 2257 non
594 2200 690 2256 multa
730 2198 827 2257 adhuc
866 2199 1038 2257 testimonia
1077 2201 1276 2275 suppetebant
1315 2199 1397 2274 (vide
1432 2200 1526 2259 Mar·

200 2302 406 2380 quardtium
428 2302 448 2359 l.
472 2319 496 2359 s.
519 2320 542 2359 s.
567 2320 595 2377 p.
612 2299 673 2359 280
695 2300 761 2359 adn.
786 2301 855 2377 55):
882 2302 963 2376 quod
984 2321 1003 2359 a
1024 2303 1096 2360 viris
1119 2303 1272 2372 semisses,
1294 2320 1354 2360 non
1376 2302 1526 2379 quadran·

199 2415 255 2477 tes,
283 2414 315 2462 nt
340 2404 455 2462 Romae
480 2404 512 2462 in
540 2404 656 2461 balneis
683 2403 821 2478 publicis,
850 2422 868 2461 a
894 2403 1067 2463 mulieribus
1095 2422 1180 2463 asses
1208 2405 1376 2480 exiguntur,
1403 2404 1524 2463 elucro

199 2507 373 2568 conductori
389 2524 531 2564 concesso
553 2505 682 2564 fortasse
703 2506 914 2583 explicandam
937 2516 992 2566 est.
1036 2505 1240 2583 Quaecunque
1261 2508 1443 2585 praestanda
1457 2515 1528 2565 sunt

199 2609 375 2689 singillatim
403 2608 661 2686 praescribuntur,
690 2609 799 2684 nequid
821 2610 990 2668 desiderent
1016 2609 1067 2686 qui
1096 2609 1210 2668 balneis
1243 2617 1376 2668 utentur:
1403 2627 1482 2684 aqua
1508 2628 1525 2667 e

198 2713 308 2771 recenti
335 2712 486 2787 profluens
515 2722 574 2768 tam
601 2710 699 2769 calida
727 2731 816 2788 quam
843 2712 953 2790 frigida
979 2711 1024 2786 (in
1051 2712 1245 2789 hypocaustis
1271 2712 1349 2771 enim
1376 2711 1475 2770 calida
1495 2721 1527 2772 et

199 2816 309 2892 tepida,
331 2814 361 2871 in
384 2814 478 2871 labris
500 2812 610 2889 frigida
624 2813 740 2873 videtur
761 2814 878 2889 luisse),
901 2815 998 2872 ahena
1016 2833 1083 2871 cum
1105 2832 1178 2872 cura
1199 2823 1336 2892 purgata,
1357 2814 1471 2891 lignum
1487 2815 1526 2874 ad

198 2915 428 2976 calefaciendum
451 2916 662 2972 neeessariam.
706 2914 795 2989 Quod
817 2934 895 2991 aqua
920 2916 952 2973 in
977 2916 1172 2992 hypocaustis
1202 2917 1244 2974 ad
1272 2935 1440 2975 summam
1468 2935 1525 2975 ra·

198 3038 276 3078 nam
297 3017 477 3095 praestanda
499 3015 541 3092 (v.
558 3015 611 3090 21)
629 3017 735 3075 dicitur
756 3018 825 3075 inde
847 3018 977 3076 sortasse
999 3018 1174 3094 explicatur,
1196 3019 1277 3095 quod
1299 3021 1330 3077 in
1351 3019 1420 3079 lacu
1441 3020 1525 3078 ranis

198 3139 237 3178 ex
258 3139 327 3177 aere
349 3117 528 3196 patefactis
551 3127 581 3175 at
602 3119 691 3178 certis
715 3120 822 3195 spatiis
844 3119 880 3176 ad
904 3120 1032 3197 parietes
1056 3120 1158 3179 affixis
1180 3138 1277 3197 aquae
1298 3121 1425 3179 altitudo
1447 3121 1526 3180 indi·

198 3223 330 3281 cubator.
375 3217 527 3279 Summam
549 3221 641 3298 igitur
661 3240 764 3280 ranam
779 3223 839 3280 nisi
860 3239 941 3298 aqua
958 3223 1133 3299 attingebat,
1155 3243 1259 3300 parum
1281 3241 1378 3300 aquae
1398 3224 1526 3301 praesti·

196 3325 272 3383 tisse
294 3323 458 3382 conductor
478 3322 667 3398 arguebatur.
712 3321 850 3383 Ceterum
865 3324 986 3383 aliunde
1000 3336 1145 3402 quantum
1165 3326 1228 3384 scic
1247 3325 1345 3383 simile
1365 3326 1441 3385 nihil
1463 3333 1525 3384 tra·

198 3427 291 3485 ditum
314 3444 409 3502 neque
430 3430 462 3483 in
484 3425 658 3485 balneorum
679 3427 814 3503 reliquiis
835 3444 962 3503 usquam
985 3429 1176 3487 observatum
1199 3435 1254 3486 est.

281 3530 382 3586 aena
413 3527 491 3604 (sive
513 3528 618 3599 ahena,
645 3538 676 3586 ut
702 3530 887 3603 grammatici
914 3530 1030 3607 aliquot
1055 3531 1245 3590 scribendum
1266 3529 1426 3605 docebant)
1449 3549 1524 3590 vasa
1616 3601 1620 3611 Ι

197 3643 267 3690 sunt
288 3649 380 3708 supra
401 3630 598 3706 hypocausim
620 3631 729 3706 posita,
754 3631 913 3708 inquibus
940 3650 1020 3708 aqua
1046 3632 1154 3690 balneo
1181 3632 1330 3692 destinata
1354 3634 1523 3707 calefiebat3

196 3733 284 3792 docet
310 3734 368 3791 hoc
393 3730 560 3790 Vitruvii
582 3733 786 3792 testimonium
808 3735 932 3810 aliquod
952 3744 1054 3793 notum
1077 3733 1105 3791 V
1129 3736 1207 3806 11‚1
1239 3733 1291 3810 (cf.
1313 3736 1524 3813 Marquardt

196 3835 216 3893 l.
240 3854 262 3894 s.
291 3853 315 3894 s.
339 3856 368 3913 p.
385 3836 443 3896 292
467 3838 535 3896 adn.
559 3837 623 3913 31).
666 3835 714 3895 Ea
737 3836 829 3913 igitur
854 3837 1015 3896 conductor
1044 3839 1162 3897 iubetur
1191 3856 1249 3896 uno
1276 3857 1394 3914 quoque
1421 3856 1523 3898 mense

197 3938 296 3997 lavare
328 3948 434 4016 tergere
465 3939 670 4015 appeteremur]
702 3941 790 4015 adipe
822 3959 836 3998 e
868 3945 986 4012 recenti,
1018 3941 1049 3999 id
1081 3949 1128 4001 est
1157 3961 1195 3999 ex
1226 3941 1353 4017 integro,
1386 3939 1523 4000 similiter

196 4040 291 4117 (quod
313 4042 483 4100 observavit
500 4042 761 4117 Mommseaua)
784 4050 817 4100 ut
839 4042 974 4102 aedificia
995 4043 1156 4102 reficienda
1177 4054 1317 4102 curantur
1330 4062 1350 4101 a
1365 4043 1425 4102 eolo
1441 4044 1488 4102 vel
1503 4063 1523 4101 a

189 4144 388 4218 fundamentis
410 4156 539 4221 atquae
562 4153 631 4202 sunt
652 4144 773 4202 similia.

279 4245 408 4322 Lignum
435 4248 473 4304 ad
500 4246 736 4305 calefaciendum
764 4247 966 4305 necessarium
994 4246 1036 4321 (v.
1052 4248 1102 4319 31,
1130 4248 1351 4323 comprehendo
1372 4249 1450 4307 enim
1473 4249 1523 4308 hic

195 4367 315 4424 quoque
336 4368 413 4425 quae
428 4350 566 4424 quamvis
582 4348 709 4406 diversis
731 4349 820 4407 huius
835 4348 943 4424 capitis
964 4349 1039 4408 locis
1062 4350 1174 4424 scripta
1195 4369 1227 4408 re
1248 4350 1315 4426 ipsa
1336 4358 1436 4410 tamen
1450 4370 1522 4410 oon-

196 4450 344 4527 iungenda
369 4451 450 4527 sunt)
478 4452 640 4510 conductor
666 4469 783 4527 semper
808 4459 943 4526 paratum
965 4451 1075 4509 habere
1097 4452 1227 4523 iubetur;
1255 4453 1381 4512 vendere
1408 4453 1450 4529 (v.
1467 4452 1521 4530 28)

195 4554 260 4611 eins
283 4555 355 4631 ligni
379 4555 454 4612 nihil
470 4555 497 4612 ei
519 4554 599 4625 licet,
621 4555 681 4612 nisi
700 4553 780 4629 qnod
802 4554 840 4611 ad
862 4553 1094 4611 calefaciendum
1110 4572 1181 4612 usus
1203 4554 1316 4613 nullius
1339 4561 1392 4613 est.
1436 4555 1523 4615 Haec
1596 4602 1599 4607 .

196 4655 261 4712 sine
283 4655 373 4713 dubio
397 4658 477 4732 lipara
499 4657 552 4714 illa
573 4664 643 4715 sunt
665 4656 708 4732 (v.
724 4654 778 4732 28)
798 4675 831 4714 ac
850 4657 1063 4715 recitaminibaa
1080 4676 1225 4715 ramorum
1238 4676 1311 4733 qaae
1325 4659 1405 4716 ostili
1418 4658 1523 4717 idonea

194 4774 251 4813 aaa
272 4766 362 4816 erant.
406 4759 524 4816 Etenim
547 4759 735 4818 recitaminis
750 4760 926 4818 vocabalum
948 4759 1067 4817 aliunde
1086 4761 1216 4819 nondum
1239 4772 1341 4819 notum
1363 4760 1450 4819 facile
1470 4760 1522 4818 de·

195 4859 310 4916 rivatur
330 4876 349 4915 a
370 4859 527 4918 recidendo
547 4861 594 4918 vel
615 4863 717 4939 potius
739 4862 909 4933 reciaand0;
932 4861 1022 4921 ostile
1044 4871 1154 4934 autem,
1176 4863 1256 4939 quod
1278 4863 1311 4922 in
1331 4872 1457 4940 utraque
1478 4863 1521 4922 la·

195 4960 293 5018 minae
309 4970 392 5037 parte
407 4962 487 5020 clare
502 4962 620 5040 legitur,
643 4963 794 5022 difficilius
810 4963 985 5041 explicatur.
1030 4962 1170 5043 Cogitavi
1185 4982 1241 5043 ego
1256 4965 1293 5024 de
1311 4965 1415 5036 astilia,
1436 4965 1522 5024 ostile

195 5063 342 5122 adiectivc
365 5065 401 5121 ab
425 5064 537 5123 urendo
559 5065 687 5124 formato
713 5075 746 5125 at
773 5067 811 5124 ab
833 5067 942 5126 utendo
964 5067 1056 5139 utilis,
1084 5088 1102 5126 a
1129 5067 1243 5126 suendo
1270 5068 1370 5127 sutilis
1391 5067 1521 5127 forman·
