3510 5812
389 483 555 536 SYLLOGE
582 484 870 536 INSCRIPTIONVM
896 484 980 536 FORI
1006 484 1160 536 ROMANI.
1367 466 1440 535 279

113 659 161 717 41.
180 692 217 700 —
234 658 272 714 A.
291 657 380 715 1871.
417 658 452 714 In
480 658 629 736 lapidibus
657 659 820 729 tiburtinis,
847 660 956 734 quibus
984 659 1156 717 ambulacra
1182 659 1324 717 basilicae
1350 667 1443 717 strata

155 769 233 832 sunt,
257 759 369 818 multae
391 760 582 818 inveniuntur
605 760 724 818 tabulae
746 761 888 832 lusoriae,
911 765 1041 820 numeris
1063 762 1195 838 repletae
1214 779 1289 837 quas
1309 771 1443 839 praeter-

155 863 314 920 mittimus:
342 862 467 921 edentur
493 861 570 919 enim
599 881 665 919 cnm
693 862 741 920 sni
762 862 910 922 similibus
933 863 1001 922 aliIs
1023 865 1060 922 ab
1083 863 1203 922 homine
1226 862 1313 922 docto
1336 881 1443 939 prope·

155 966 242 1022 diem.
287 965 483 1023 transcribam
505 969 604 1022 tamen
620 973 767 1040 quotquot
787 964 889 1023 inveni
904 967 996 1025 verba
1016 966 1163 1044 inscripta
1183 975 1214 1024 et
1236 965 1345 1024 tabulis
1368 982 1443 1041 quas

156 1067 219 1125 dixi
242 1074 272 1125 et
294 1066 403 1125 similia
424 1065 493 1124 aliis
515 1066 629 1142 figuris.
672 1065 786 1125 inedita
807 1075 877 1125 sunt
897 1087 946 1126 nn.
962 1065 1095 1127 42-46.

347 1262 378 1314 in
400 1257 563 1316 ambulacro
582 1261 679 1334 partis
702 1258 886 1316 occidentalia
909 1257 951 1331 (ci
972 1270 1044 1318 recte
1065 1260 1213 1336 memini).-

462 1420 603 1479 tttrucrs
626 1435 768 1478 onvaes
792 1436 925 1478 rennes
949 1422 1103 1494 elassis

673 1821 727 1924 lc
853 1846 934 1890 cco

463 1934 602 2005 Larus
671 1951 1014 1993 ismerrecroe

155 2152 320 2221 sequuntur
343 2160 447 2202 versus
474 2162 534 2202 non
557 2144 718 2221 conscripti
741 2161 771 2215 v,
797 2145 828 2202 in
850 2143 954 2203 ultimo
977 2153 1064 2203 sexto
1086 2152 1171 2204 extat
1192 2160 1219 2202 c.
1237 2175 1275 2186 —
1292 2145 1370 2203 vs.1
1397 2162 1446 2203 so-

113 2246 175 2305 lum
203 2246 296 2304 edidit
317 2245 499 2304 Lancianius
521 2246 602 2304 Bull.
626 2248 700 2304 Inst.
727 2248 823 2316 1871,
847 2244 924 2318 242,
951 2247 1083 2324 legitque
1112 2247 1197 2305 initio
1225 2261 1342 2305 eruces·
1386 2266 1445 2305 non

114 2348 250 2425 spondeo
272 2368 320 2406 me
342 2346 439 2406 ultimi
462 2366 568 2407 versus
590 2348 688 2425 prima
709 2358 789 2408 recte
811 2348 940 2407 dedisse.

114 2555 164 2616 42.
208 2557 321 2616 Ibidem
344 2557 374 2616 in
390 2556 562 2616 ambulacro
584 2556 687 2615 lateris
708 2557 914 2617 meridionalis
931 2557 1041 2616 circulo
1057 2558 1233 2634 inscriptum
1257 2557 1445 2635 (descripsi):

710 2710 858 2760 Alssva

115 2970 164 3028 43.
208 2967 324 3026 Ibidem
347 2969 424 3026 inter
438 2968 515 3044 pilas
537 2967 633 3026 intimi
649 2967 763 3026 ordinis
785 2968 887 3027 lateris
903 2968 1057 3028 orientalis
1080 2989 1099 3026 a
1113 2966 1264 3045 Capitolio
1287 2969 1443 3045 septimam

157 3080 187 3128 et
208 3078 344 3127 octavam
368 3068 556 3144 (descrIpsi):
1177 3075 1181 3081 '

740 3209 748 3257 l
863 3203 925 3256 ls

637 3247 816 3321 Athos
865 3263 920 3306 su

640 3324 788 3506 omps
863 3294 904 3525 s

116 3668 166 3726 44.
210 3667 324 3726 Ibidem
347 3667 437 3741 paulo
459 3668 584 3742 propius
607 3664 759 3743 Capitolio
782 3666 973 3745 (descripsi):

733 3820 823 3871 phallus

752 3921 760 3961 1
773 3920 816 3963 ST

117 4147 167 4205 45.
211 4146 326 4204 Ibidem
356 4147 387 4204 in
414 4146 507 4221 mado
537 4144 669 4203 seeundo
698 4145 845 4203 scalarum
874 4148 984 4222 quibus
1013 4167 1032 4206 a
1059 4145 1122 4204 ‘via
1148 4143 1246 4206 saera’
1275 4146 1447 4206 ascenditur

158 4248 268 4306 circulo
290 4248 468 4324 inscriptum
491 4246 679 4323 (descripsi):

628 4455 836 4588 MENOTWOP
859 4512 935 4591 capo

639 4716 667 4764 ιι
698 4709 872 4820 ORACVL

165 4959 268 5017 titulos
289 4956 341 5013 ‘ox
365 4955 501 5016 oraculo‘
522 4953 564 5010 ibi
587 4951 701 5012 vicinos
723 4957 848 5030 respicit
869 4977 896 5016 v.
913 4956 942 5029 2,
957 4956 1010 5026 ¹dei
1033 4957 1144 5014 deaeve
1166 4973 1274 5013 nomen
1296 4975 1335 5013 an
1357 4954 1449 5013 lateat

120 5063 180 5117 v.l
205 5079 265 5120 non
296 5071 451 5120 assecutus
483 5079 548 5119 sum
575 5072 671 5130 neque
699 5066 855 5119 assecutus
887 5068 932 5119 cst
959 5060 1010 5136 qui
1039 5077 1157 5118 mecum
1182 5057 1287 5117 iterum
1316 5057 1450 5132 inspexit

119 5160 288 5222 Henzenus.
