3510 5812
609 499 683 548 unx
712 499 878 548 ara'unmn
905 499 1155 550 vrinscnnsrs.
1469 483 1538 552 189

209 672 308 730 Ioniae
331 672 522 749 municipiive
545 692 599 730 nec
627 672 686 731 nisi
708 674 804 731 abusu
831 673 869 729 ad
892 672 1038 731 eiusmodi
1062 674 1242 732 territorium
1265 674 1400 733 refertur.
1444 676 1541 752 Magis

209 773 386 832 crediderim
409 774 457 833 his
479 775 612 851 praediis
627 775 782 852 proprium
805 791 873 833 esse
896 775 991 833 saltus
1006 776 1194 834 vocabulum.
1237 774 1297 836 Sed
1313 778 1453 837 universa
1467 779 1541 837 haec

208 877 346 952 quaestio
372 886 405 935 ut
432 876 492 935 late
519 884 601 953 patet
628 886 658 934 at
685 876 776 952 digna
804 886 850 934 est
877 877 980 934 subtili
1001 876 1207 954 indagatione,
1230 879 1272 936 ita
1292 879 1349 937 hoc
1372 880 1437 937 loco
1459 880 1541 939 nullo

209 978 301 1037 modo
323 978 439 1037 absolvi
461 985 570 1055 potest,
593 979 765 1054 sufficitque
787 998 853 1037 eam
876 979 1081 1055 proposuisse.

293 1080 398 1156 Itaque
419 1090 554 1139 tenemus
576 1080 672 1159 legem
691 1081 812 1139 metallo
828 1080 1007 1156 Vipascensi
1030 1082 1138 1139 dictam
1161 1081 1199 1138 ab
1221 1082 1401 1159 imperatore
1423 1085 1541 1142 eodem-

209 1201 269 1257 que
291 1183 422 1254 domino,
450 1200 509 1258 qua
535 1184 602 1259 lege
624 1192 685 1240 tarn
706 1200 755 1241 res
779 1182 948 1241 metallaria
969 1202 1058 1258 quam
1086 1183 1118 1241 in
1139 1184 1311 1242 universum
1334 1185 1478 1262 quidquid
1504 1187 1542 1245 ad

209 1284 363 1361 regionem
389 1284 584 1342 ordinandam
610 1285 777 1361 pertinebat
804 1285 943 1343 similiter
971 1284 1174 1355 ordinabatur,
1202 1293 1234 1343 ut
1259 1305 1308 1344 res
1337 1288 1474 1363 publicae
1496 1306 1542 1345 or-

211 1385 353 1445 dinantur
373 1386 489 1462 legibus
512 1386 696 1446 coloniarum
719 1387 1016 1463 municipiorumque.

296 1488 345 1545 Ad
367 1505 396 1564 p.
416 1488 483 1547 173.
528 1485 667 1564 Capituru
690 1489 900 1564 inscriptiones
923 1490 949 1547 si
971 1488 1043 1564 quid
1058 1488 1144 1546 video
1168 1490 1296 1567 scriptae
1319 1485 1390 1549 sunt
1410 1492 1542 1550 nomina-

211 1591 290 1661 tivo;
319 1610 387 1648 nam
416 1574 636 1666 ladimapistri
656 1610 681 1648 c.
705 1591 782 1648 VIII
809 1599 838 1647 et
864 1595 1063 1666 usurpationes
1085 1602 1236 1667 puteorum
1264 1592 1325 1649 sivo
1344 1596 1543 1668 pittaciarium

212 1710 238 1750 c.
262 1692 310 1750 tx
336 1692 425 1751 aliam
453 1681 685 1769 explicationem
712 1710 772 1750 non
799 1693 956 1768 recipiunt.
1001 1694 1050 1750 Ad
1077 1693 1176 1769 capita
1204 1703 1317 1771 septem
1345 1696 1442 1769 prima
1462 1695 1544 1770 quod

211 1794 327 1866 attinet,
350 1796 552 1853 nominativus
575 1816 593 1852 a
614 1812 673 1869 <luo
695 1795 824 1870 genetivi
851 1795 881 1852 hi
904 1805 1046 1870 reguntur
1071 1796 1161 1871 periit
1183 1815 1248 1854 cum
1275 1796 1423 1873 principio
1452 1797 1542 1872 legis3

212 1904 312 1974 potest
342 1897 445 1966 fuisse,
479 1905 509 1954 ut
542 1897 668 1954 coniecit
688 1895 881 1967 Huebnerus,
910 1896 1028 1970 (locatio
1062 1897 1222 1971 conductio)
1251 1902 1415 1955 centesimae
1443 1917 1543 1973 arpen-

213 2000 306 2058 tarias
319 2000 513 2076 ambulationis
535 2007 564 2057 et
586 1999 631 2056 sic
654 1998 804 2074 deinceps.
850 1995 929 2057 Sane
944 2016 1021 2074 quae
1041 1999 1179 2076 leguntur
1193 2018 1218 2056 c.
1235 1999 1265 2056 11
1280 2003 1442 2075 scrapturae
1457 2018 1544 2076 prae·

213 2103 289 2159 conii
309 2110 339 2160 et
361 2120 385 2159 c.
402 2100 464 2158 v11
487 2105 647 2177 scripturae
660 2104 877 2158 accurariorum
892 2111 917 2158 et
934 2104 1125 2173 testarieram,
1147 2108 1272 2178 possunt
1286 2102 1389 2159 haberi
1404 2101 1474 2160 item
1489 2120 1544 2177 pro

212 2203 405 2262 nominatIvis
420 2203 562 2280 pluralis3
579 2204 632 2261 sed
649 2204 705 2261 hoc
719 2204 819 2279 posito
835 2203 886 2261 vix
903 2213 1001 2280 aptam
1019 2203 1195 2262 sententiam
1212 2203 1414 2279 expediemus.
1444 2203 1543 2280 Scrip-

211 2312 281 2365 tura
300 2313 401 2365 autem
424 2307 645 2365 scaurariorum
667 2313 697 2361 et
716 2306 909 2363 sestariorum
928 2306 1000 2363 mihi
1023 2315 1069 2363 est
1090 2305 1237 2382 professio
1261 2325 1288 2362 r.
1304 2306 1343 2364 49
1366 2324 1545 2365 commemo·

212 2416 290 2479 rata,
312 2426 403 2486 qnam
424 2409 454 2466 in
478 2408 620 2486 scriptum
643 2408 794 2466 redactam
817 2426 882 2466 esse
905 2418 1138 2466 consentaneum
1161 2416 1214 2465 est.
1264 2406 1419 2485 Scriptura
1444 2416 1543 2465 autem

212 2513 367 2589 praeconii
388 2510 461 2586 quid
484 2510 632 2587 significet
653 2510 770 2579 nesci03
798 2529 865 2567 narn
893 2509 1054 2567 secundum
1077 2528 1122 2579 ea,
1149 2510 1277 2585 quaein
1300 2510 1369 2585 ipsa
1389 2509 1456 2586 lege
1478 2528 1543 2584 per-

214 2615 328 2691 scripta
350 2621 428 2686 sunt,
451 2612 489 2671 ad
504 2612 697 2689 praeconium
720 2631 779 2669 non
802 2612 1036 2669 admittebantur
1050 2612 1100 2686 qui
1117 2611 1227 2669 vellent
1241 2611 1432 2689 professione
1453 2610 1543 2681 facta,

215 2717 268 2777 sed
289 2715 446 2775 Iocabatur
469 2724 501 2772 ut
522 2714 702 2772 tonstrinum
724 2713 897 2788 etreliqua.
943 2711 1045 2786 Quare
1066 2713 1227 2771 videndum
1250 2722 1306 2783 est,
1329 2733 1366 2771 nc
1388 2712 1544 2789 intellega-

213 2828 265 2879 tur
286 2819 435 2894 scriptura
456 2826 486 2875 et
507 2816 715 2893 praeconiun13
737 2833 834 2890 neque
856 2815 933 2873 enim
950 2814 1078 2873 absurde
1094 2823 1258 2874 statuemus
1273 2833 1451 2892 praeconem
1473 2815 1545 2873 item

159 2982 165 2993 ,
213 2921 247 2980 in
267 2920 383 2980 litteras
405 2919 555 2979 rettulisse
577 2936 653 2994 quac
675 2917 887 2994 perscribenda
909 2926 979 2976 sunt
1000 2918 1032 2976 in
1054 2918 1191 2976 auctione
1213 2918 1359 2976 facienda.

1250 3039 1308 3096 Tu.
1332 3037 1503 3097 Monaesen.

704 3793 1060 3853 ADDITAMENTVM.

303 3984 452 4046 Officiosa
473 3981 641 4044 Soromenii
664 3979 840 4038 liberalitate
862 3980 970 4037 Iactum
993 3986 1049 4048 est,
1077 3989 1109 4036 ut
1131 3978 1199 4037 huic
1221 3978 1366 4036 volumini
1388 3995 1547 4055 possemus

219 4089 337 4148 adicere
359 4087 478 4146 tabulas
499 4087 576 4144 duas
599 4093 662 4142 arte
684 4102 773 4159 apuam
797 4083 900 4141 dicunt
921 4081 1117 4158 heliographa
1136 4077 1293 4157 Olisipone
1316 4080 1353 4138 ad
1375 4081 1474 4156 Ipsum
1496 4098 1548 4139 aes

219 4209 310 4268 quam
335 4188 560 4248 accuratissIme
587 4202 764 4262 expressam
798 4185 990 4261 designantur
1020 4183 1120 4241 antica
1145 4192 1175 4241 et
1200 4183 1316 4257 postIca
1342 4182 1420 4241 acris
1447 4190 1550 4259 partes

219 4291 329 4351 litteris
350 4291 380 4349 A
401 4297 432 4350 et
453 4289 492 4350 Β.
