3510 5812
231 546 305 617 184
824 566 970 627 utuxuu

225 742 353 805 monuit,
380 744 463 818 quud
490 744 657 803 conductor
683 760 746 804 tum
772 747 846 805 nihil
871 748 932 807 lere
960 747 1122 823 praebebat
1142 749 1260 820 praeter
1281 750 1374 797 usum
1396 726 1466 789 soli.
1509 718 1565 795 Qui

226 842 307 901 infra
327 864 356 902 v.
373 844 412 903 56
435 847 628 921 appellantur
642 850 765 924 Jlutores
784 854 946 925 carpentarii
960 853 1070 908 aerarii
1088 842 1283 925 probabiliter
1303 836 1390 898 idem
1403 830 1564 891 Mommse-

225 964 283 1004 nus
298 948 416 1021 putavit
431 966 492 1006 non
507 948 647 1009 diversos
669 968 738 1009 esse
760 952 798 1009 ab
820 953 876 1025 eis,
903 952 954 1028 qui
976 950 1110 1011 scaurias
1132 948 1284 1027 pulverem
1305 933 1483 999 rutramina
1503 942 1567 1003 pur

224 1065 296 1122 gare
313 1092 363 1107 ...
379 1051 523 1127 expedire
539 1051 676 1128 frangere
692 1073 812 1112 eernere
832 1054 933 1112 lavarc
954 1055 1153 1130 susciperent3
1175 1050 1225 1107 lric
1238 1044 1318 1106 enim
1333 1040 1374 1100 de
1389 1052 1497 1117 opere,
1517 1028 1568 1087 5¹¹⁰

224 1150 292 1208 loeo
307 1151 345 1209 de
360 1172 452 1230 opera
467 1155 576 1229 agitur.
620 1153 693 1213 Loci
708 1166 806 1214 autern
829 1155 872 1214 illi
896 1156 958 1229 alii,
981 1155 1057 1214 unde
1072 1152 1192 1213 metallo
1208 1145 1406 1229 proveniunt,
1429 1134 1569 1196 videntur

223 1253 382 1311 seberlumbi
408 1256 570 1331 appellari;
599 1256 641 1315 ita
669 1257 747 1315 enim
770 1278 803 1314 ea·
824 1258 881 1317 ulla
905 1258 973 1316 locis
994 1257 1162 1317 ubertumbia
1184 1273 1211 1313 r.
1228 1252 1267 1311 56
1294 1248 1381 1307 clare
1402 1237 1520 1317 legitur
1540 1232 1568 1290 5¹¹

223 1372 301 1413 aere.
347 1354 417 1414 Hoc
445 1357 626 1415 vocabulum
655 1372 736 1416 certa
763 1360 878 1417 ratione
904 1359 1035 1418 nondum
1062 1358 1240 1435 explicatum
1270 1358 1331 1423 est3
1369 1360 1475 1421 neque
1500 1350 1567 1395 '⁹¹⁰

222 1456 394 1532 negandum
424 1459 514 1516 etiarn
541 1459 652 1517 omisso
675 1462 884 1537 supplemento
911 1479 947 1518 eo
969 1462 1049 1538 quod
1072 1478 1164 1536 supra
1185 1450 1403 1534 proposuimus
1427 1442 1569 1523 ubertatu-

222 1558 302 1616 lu'aae
316 1601 323 1615 .
338 1600 344 1615 .
359 1602 366 1617 .
380 1603 387 1615 .
403 1560 522 1617 litteras
544 1561 606 1619 alio
623 1562 712 1619 modu
734 1582 826 1640 passe
842 1563 992 1639 coniungi,
1015 1572 1047 1621 ut
1068 1581 1158 1621 unum
1181 1559 1280 1617 duove
1301 1552 1368 1613 alis
1389 1546 1466 1608 inde
1482 1556 1569 1599 voca·

222 1660 294 1717 bula
315 1662 533 1719 nanciscamur.
579 1664 694 1747 Aperte¹
721 1666 763 1723 ita
789 1666 983 1742 designantur
1010 1665 1067 1723 loci
1089 1662 1189 1734 vicini,
1216 1675 1312 1735 neque
1335 1668 1413 1713 vero
1439 1646 1484 1707 ad
1508 1640 1569 1701 fisci

222 1762 345 1819 metulla
361 1765 555 1838 pertinentes,
578 1766 628 1823 ubi
645 1766 765 1824 metulla
780 1786 815 1824 ea
831 1766 1019 1838 effodiantur,
1041 1783 1169 1841 quaene
1190 1763 1395 1838 importentur
1408 1752 1476 1811 hoo
1497 1740 1569 1819 legis

221 1865 320 1940 cupite
342 1880 481 1935 cavetur3
504 1866 583 1925 unde
599 1866 637 1923 ad
653 1868 798 1925 ubertatis
814 1869 963 1926 notionem
979 1869 1066 1927 facile
1081 1866 1225 1925 ducimur.
1268 1862 1373 1935 Atque
1388 1854 1531 1913 abatem
1543 1852 1570 1901 et

222 1966 387 2026 ubertuosua
412 1967 560 2026 voeabula
580 1968 739 2027 latinitatis
761 1971 937 2029 recentioris
955 1969 1104 2046 Ducangii
1125 1963 1306 2044 glossarium
1328 1956 1468 2023 indicat3
1492 1948 1568 2007 uber·

221 2078 265 2127 tua
292 2070 361 2126 iude
390 2070 516 2145 eogitari
542 2078 644 2145 potest
669 2070 793 2146 aliquod
821 2071 912 2129 luisse
938 2071 1123 2129 vocabulum.
1167 2066 1215 2126 Ad
1249 2063 1360 2123 mustus
1392 2073 1474 2117 vero
1508 2050 1570 2110 sive

220 2170 320 2229 terrebas
343 2170 498 2243 suffixum,
522 2181 554 2230 ul
568 2172 695 2244 videtur,
719 2171 927 2248 explicandum
947 2190 1001 2230 uec
1022 2170 1123 2231 amicis
1145 2188 1199 2227 nec
1220 2166 1293 2225 milri
1315 2162 1418 2221 adbuc
1442 2150 1571 2229 contigit

220 2281 388 2331 monstrare
422 2275 569 2332 rationem
601 2274 798 2350 probabilem.
843 2271 982 2332 Ceterum
1015 2292 1075 2331 non
1101 2290 1197 2351 pauca
1223 2263 1374 2326 vocabula
1399 2265 1460 2320 aut
1486 2260 1567 2315 carto

218 2375 381 2451 peregriua
410 2374 565 2451 (Hispana
595 2376 783 2451 potissimum
814 2382 844 2431 et
872 2374 1052 2449 Dalmatica)
1081 2380 1134 2431 aut
1160 2368 1310 2448 peregrini
1338 2362 1410 2424 soni
1439 2362 1475 2420 in
1501 2352 1568 2415 aori

218 2477 396 2553 argentique
418 2477 552 2535 metallis
574 2477 742 2536 obtinuisse
757 2496 773 2533 e
789 2475 889 2533 Plinio
911 2475 1026 2533 discere
1046 2474 1128 2533 licet:
1154 2477 1302 2549 epitescat
1322 2466 1459 2540 erratque
1479 2458 1570 2519 talus

218 2576 300 2652 (sire
322 2578 439 2637 balluca
462 2578 576 2637 codicis
599 2578 808 2635 Theodosiani
821 2577 852 2633 X
869 2576 917 2647 19,
935 2575 987 2650 12)
1010 2579 1123 2651 corrupi
1139 2574 1269 2651 palaque
1290 2570 1357 2629 sire
1374 2564 1570 2643 palaearum

216 2682 370 2755 sapaudum
397 2679 562 2738 {ululari-um
590 2682 746 2739 taseom'um
768 2680 872 2749 aer-irem,
901 2678 1038 2736 medaria
1062 2678 1182 2752 paleam
1212 2674 1251 2732 ad
1272 2668 1399 2730 metalla
1420 2664 1571 2741 ffispana

216 2782 361 2858 pleraque
384 2782 535 2856 pertinere
557 2786 588 2837 et
609 2798 628 2836 a
643 2777 784 2838 Cornelio
801 2778 922 2836 Boccho
944 2778 1090 2854 scriptore
1105 2776 1242 2853 Hispano
1264 2770 1378 2832 tradita
1398 2784 1476 2827 esse
1498 2778 1571 2841 pro·

217 2882 318 2940 babile
342 2892 426 2958 puto.

303 2980 364 3053 Qui
386 2979 527 3039 denarios
549 2981 580 3037 in
602 2979 702 3055 pondo
720 2988 838 3037 centum
862 2962 997 3055 singulos
1012 2980 1070 3037 hoc
1090 2978 1166 3054 legis
1187 2978 1286 3055 eapite
1307 2977 1445 3033 statutos
1469 2967 1573 3044 (certa

217 3082 296 3139 euiur
319 3080 410 3137 huius
433 3079 579 3137 enuntiati
606 3079 817 3156 supplementa
843 3080 926 3153 sunt)
954 3087 1068 3138 statuta
1089 3079 1146 3150 die,
1172 3079 1272 3137 idest
1296 3095 1333 3134 ea
1355 3073 1408 3131 die
1431 3088 1500 3147 qua
1522 3066 1574 3125 die

217 3182 320 3240 deberi
342 3187 480 3253 coeptum
495 3186 553 3249 est,
576 3198 636 3236 non
658 3178 781 3237 solverit
797 3179 913 3254 duplum
929 3182 1000 3237 dare
1014 3180 1123 3251 debeam
1145 3180 1188 3237 ita
1201 3178 1280 3237 enirn
1299 3177 1366 3235 sine
1384 3172 1488 3231 dubio
1511 3168 1574 3227 tria

217 3298 249 3353 n,
278 3300 355 3356 quae
384 3280 466 3337 eluro
494 3278 633 3353 leguntur
659 3279 689 3336 in
720 3297 789 3336 aere
818 3278 861 3352 (v.
882 3278 921 3335 52
938 3304 974 3328 =
991 3298 1017 3336 v.
1039 3280 1078 3338 45
1106 3280 1254 3355 posticae)
1280 3272 1471 3352 explicanda
1500 3286 1574 3329 esse

216 3400 310 3456 supra
338 3380 449 3436 rnonui.
504 3378 647 3453 Pignoris
675 3380 776 3453 captio
804 3378 852 3435 hic
880 3396 998 3453 quoque
1026 3380 1199 3439 conductori
1228 3380 1326 3438 datur.
1381 3372 1576 3435 Commissa

216 3479 393 3539 conducturi
420 3476 527 3535 deinde
554 3496 591 3533 ea
613 3486 712 3545 sunto,
739 3476 798 3533 nisi
825 3476 957 3533 solutum
980 3479 1037 3536 crit
1057 3481 1202 3556 quidquid
1223 3476 1399 3539 conductori
1423 3474 1575 3535 debitum

216 3584 283 3641 erit.
309 3598 387 3653 (puae
409 3585 515 3635 eontra
535 3575 727 3632 conductoris
749 3575 938 3651 privilegium
965 3577 1003 3633 ab
1030 3577 1096 3636 aliis
1116 3601 1133 3639 e
1155 3581 1281 3641 scauriis
1307 3579 1441 3655 pulvere
1467 3584 1576 3635 rutra·

215 3681 349 3741 uriuilrus
383 3676 469 3750 (nuru
497 3694 668 3750 quanquam
698 3673 854 3731 brevitatis
882 3693 973 3733 eausa
1001 3676 1050 3733 lex
1079 3679 1116 3736 dc
1144 3682 1271 3740 scauriis
1300 3680 1378 3739 solis
1410 3676 1576 3754 loquitur,

217 3782 316 3860 pulvis
349 3778 438 3837 etiarn
471 3784 499 3831 et
531 3775 695 3831 rutruruinu
727 3774 791 3831 sine
819 3774 911 3832 dubio
939 3776 1137 3853 intellegenda
1159 3782 1243 3858 sunt)
1266 3790 1356 3839 etex
1378 3775 1576 3855 lapicidinis

214 3892 350 3943 eutruetu
373 3888 474 3938 eruut:
497 3876 540 3949 (v.
556 3874 612 3948 53)
633 3876 713 3949 quod
732 3878 793 3933 eiua
815 3880 947 3934 sestarios
964 3877 1131 3953 prestructum
1148 3923 1237 3939 .....
1247 3880 1394 3955 srac]tura
1416 3879 1576 3937 lardum·

213 4004 268 4061 que
296 3986 351 4041 erit
376 3982 460 4055 preire
490 3974 602 4049 lapides
631 3974 770 4032 luresiue
801 3977 947 4049 erpaldus
972 3983 1001 4033 iu
1030 3978 1231 4055 lapicoedl[uia
1258 3982 1369 4057 συκῆς
1403 3982 1453 4040 ita
1483 3979 1576 4039 enim

214 4084 291 4141 sutis
315 4076 512 4157 predurbiliter
534 4073 659 4130 lacunae
681 4074 848 4147 explentur.

299 4180 404 4237 llestut
434 4174 572 4250 exceptio
602 4172 737 4229 similiter
766 4184 798 4229 ut
828 4192 918 4247 supra
951 4176 981 4232 in
1009 4179 1158 4236 tonstriuo
1189 4179 1230 4256 (r.
1248 4182 1302 4257 39)
1335 4182 1422 4241 saeta
1454 4200 1575 4241 eorum

187 4282 311 4359 ·grutiu
334 4278 376 4355 (r.
394 4277 466 4349 55),
491 4272 544 4349 qui
571 4272 602 4329 iu
624 4270 749 4345 privatis
772 4270 879 4328 tallia-iis
904 4286 1005 4349 agunt.
1050 4276 1187 4337 Flatores
1208 4282 1288 4339 enim
1314 4283 1389 4342 illos
1414 4292 1575 4361 argenta·

213 4384 276 4443 rius
304 4379 501 4451 aurariasque
528 4373 662 4447 privatus
689 4388 741 4425 eeu
764 4370 900 4427 lrouriues
927 4374 1104 4448 supradixi
1126 4378 1219 4437 rideri
1241 4382 1486 4461 intellegendos,
1514 4384 1575 4461 qui

211 4504 266 4561 per
287 4498 394 4541 servus
417 4472 698 4547 urrereeunariosque
720 4470 855 4527 scaurius
877 4472 987 4529 ruetalli
1010 4474 1205 4549 l'ipaseeusis
1227 4490 1358 4541 tractare
1386 4494 1447 4543 gut
1471 4504 1575 4543 mu.

211 4587 273 4643 ᾗ),
302 4584 417 4641 „nanas
451 4578 492 4637 ihi
520 4590 650 4653 purgare
683 4568 893 4643 serseipiebant.
936 4570 1076 4648 Suppleri
1110 4576 1199 4652 igitur
1231 4596 1359 4654 pecussum
1394 4598 1454 4643 aut
1492 4606 1572 4645 cum

211 4684 431 4744 Summum
454 4678 534 4737 parvi
568 4670 734 4746 libertique.
763 4668 814 4741 qul
847 4668 960 4727 lluturls
993 4671 1179 4733 alumnorum
1210 4696 1452 4753 quartanorum
1488 4696 1572 4763 apte

209 4784 403 4843 conveniunt.
428 4788 482 4839 aut
509 4778 600 4837 iidem
626 4772 677 4849 qui
706 4786 797 4845 supra
823 4768 1011 4827 iteruriunntur
1037 4774 1115 4829 serui
1138 4783 1412 4859 ruereennariiqne3
1437 4794 1570 4845 utrum·

208 4908 267 4961 qm.
289 4884 368 4943 ..nim
391 4880 632 4957 srrpplenrenturu
655 4870 753 4947 spatio
774 4868 922 4925 eurrreuit.
967 4868 1064 4927 litium
1093 4879 1313 4937 rrrereeuuarios
1340 4886 1395 4957 qni
1425 4890 1569 4947 mittunt

208 5002 355 5063 praeeuntis
385 4982 443 5039 diei
471 4978 606 5053 proluisse
632 4986 864 5033 euriseruuueuru
892 4978 948 5024 est.
992 4972 1080 5041 Quod
1108 4972 1136 5027 iu
1161 4976 1217 5031 lirae
1239 4981 1325 5052 presai
1349 4988 1568 5059 supplemen.

209 5100 271 5146 luru
299 5084 396 5159 araugis
423 5078 554 5153 r·xerrrpli
581 5094 674 5133 cerusa
695 5074 746 5147 qui
763 5070 880 5143 ,lluturis
961 5070 1087 5141 [epar-pm
1110 5074 1190 5145 ‘emp
1220 5076 1364 5137 mmmm
1394 5104 1473 5145 tw
1507 5092 1567 5149 vix

207 5204 252 5247 est
276 5186 359 5263 qued
382 5198 529 5241 rutrrreauu.
574 5178 621 5235 llli
644 5174 736 5249 igitur
756 5166 884 5245 operarii
907 5166 948 5223 ita
970 5168 1169 5245 osulphum
1191 5184 1223 5229 m
1241 5193 1295 5233 ω,
1311 5182 1457 5257 pignoris
1486 5188 1566 5249 ¹⁰0⁰

206 5288 372 5349 eorrduetor
386 5300 494 5361 capere
510 5292 649 5355 aequent.
666 5294 704 5333 ue
718 5268 829 5331 domiui
851 5266 1004 5343 quaternus-e
1027 5270 1149 5329 uiruiuur
1172 5270 1310 5331 alatruuun
1333 5282 1516 5359 accipiam·
