3510 5812
173 447 243 517 108
605 465 907 514 annrmuan'rvu
936 464 1019 514 rou.
1041 466 1067 513 ιι

1059 567 1167 574 --..-.

170 640 218 697 De
251 639 377 715 singulis
411 658 487 714 <pirae
520 640 560 695 ibi
595 638 762 714 disputavi,
797 656 854 694 non
888 645 1035 714 repetam3
1069 639 1161 695 verbo
1192 658 1298 696 nroneo
1332 641 1500 697 corilirmari

171 742 228 809 sic,
251 742 332 816 quod
360 750 448 798 autea
470 761 527 799 non
552 741 624 798 satis
646 741 892 817 perspiciebatur,
920 740 1033 798 scribas
1056 742 1245 815 quaestorios
1271 741 1366 799 dictos
1388 742 1502 818 origine

172 844 296 901 summis
325 844 547 919 magistratibus
577 844 765 920 potissimum
792 844 969 919 apparuisse
997 843 1028 917 (l.
1056 862 1080 900 c.
1113 845 1138 912 1,
1162 844 1220 902 335
1250 862 1277 899 n.
1295 845 1343 918 4);
1372 844 1501 902 viatores

172 946 219 1002 hic
241 964 360 1022 qnoque
384 945 531 1003 aedilibus
563 965 621 1003 non
649 946 743 1021 magis
774 946 896 1002 attribui
920 965 1008 1021 quam
1032 946 1152 1003 lictores
1176 945 1209 1021 (l.
1233 966 1257 1003 c.
1284 946 1386 1015 1,345
1408 965 1436 1003 n.
1454 947 1501 1022 4);

172 1049 270 1106 locum
294 1048 526 1125 dignitatemque
549 1048 685 1105 ordinum
708 1047 813 1105 borum
837 1039 969 1105 omniuin
990 1049 1101 1123 optime
1124 1049 1252 1125 perspici
1276 1067 1313 1107 ex
1334 1049 1502 1106 mercedum

172 1150 345 1208 diversitate
352 1172 360 1221 ;
385 1151 511 1225 denique
527 1161 643 1226 praeter
659 1138 746 1207 notas
759 1149 962 1224 apparitiones
979 1150 1142 1207 scribarum
1159 1168 1350 1208 accensorum
1367 1151 1504 1209 lictorum

172 1253 319 1311 viatorum
336 1272 513 1330 praeconum
530 1253 576 1308 hic
593 1270 765 1327 comparere
781 1251 856 1310 alias
871 1251 1060 1310 librariorum
1083 1252 1116 1326 (l.
1134 1271 1157 1310 c.
1180 1274 1209 1329 p.
1226 1253 1283 1311 331
1307 1273 1335 1310 n.
1352 1254 1393 1329 1),
1416 1255 1504 1311 haru-

173 1356 298 1431 spicum,
322 1356 475 1413 tibiciuum
499 1354 532 1429 (l.
549 1375 573 1411 c.
597 1375 625 1430 p.
642 1353 716 1428 351)
739 1372 807 1411 raro
831 1362 986 1429 praeterea
1003 1364 1182 1413 memoratas
1197 1373 1334 1430 quaeque
1349 1356 1507 1414 rideantur

174 1457 349 1514 recentioris
373 1457 496 1534 originis
520 1475 633 1525 omnes,
660 1456 691 1512 id
719 1456 799 1530 quod
826 1455 893 1513 inde
921 1457 1049 1514 maxime
1077 1467 1211 1533 apparet,
1234 1457 1313 1534 quod
1335 1459 1365 1515 hi
1387 1459 1507 1535 appari·

144 1599 146 1602 -
175 1567 254 1616 toros
284 1559 393 1634 singuli
421 1576 524 1617 omues
552 1558 725 1633 procedunt,
753 1577 819 1614 com
845 1559 968 1634 antiqua
995 1558 1179 1617 consuetudo
1206 1572 1236 1617 et
1262 1561 1456 1638 magistratus
1479 1569 1508 1616 et

176 1664 363 1737 apparitores
392 1662 450 1718 duo
479 1661 619 1737 pluresve
651 1669 682 1717 ut
710 1671 811 1717 essent
842 1661 1005 1735 requireret
1039 1661 1080 1735 (v.
1110 1660 1287 1720 Staatareclt
1315 1660 1359 1732 1²,
1381 1663 1445 1738 33).
1468 1696 1505 1704 —

176 1763 275 1821 Etiam
297 1763 421 1821 militiae
445 1763 559 1819 vacatio
583 1763 785 1838 apparitorum
802 1782 841 1820 ex
863 1764 918 1820 hac
934 1763 1051 1819 demum
1073 1764 1139 1839 lege
1163 1765 1291 1822 innotuit
1313 1764 1345 1839 (l.
1363 1784 1388 1822 c.
1407 1763 1506 1833 nat-2

176 1887 204 1922 n.
222 1865 269 1940 4);
298 1865 354 1922 fnit
376 1874 473 1922 autem
500 1883 536 1921 ea
563 1883 621 1922 non
649 1873 802 1939 perpetua,
832 1876 863 1921 ut
889 1864 1061 1941 pontificum
1095 1884 1310 1942 augurumque,
1344 1867 1397 1924 scd
1430 1885 1507 1925 anno

176 1967 374 2042 apparitionis
397 1965 544 2024 conclusa.
583 1964 758 2043 Comparari
781 1973 889 2042 potest,
913 1966 994 2041 quod
1015 1967 1093 2024 bello
1114 1967 1315 2026 llannibalieo
1337 1970 1389 2044 qui
1412 1970 1509 2045 publi-

175 2089 241 2127 cum
265 2069 415 2145 quoddam
439 2068 618 2145 redempturi
641 2077 726 2125 eraut
747 2069 939 2144 postularunt
961 2076 990 2124 et
1012 2069 1216 2138 obtirmeruut,
1246 2079 1277 2128 ut
1299 2072 1401 2129 militia
1423 2090 1509 2129 eroco-

176 2182 247 2241 reat,
271 2174 336 2228 dum
358 2176 387 2228 in
410 2192 440 2228 eo
459 2171 573 2247 publico
597 2181 688 2229 essent
710 2170 788 2245 (Liv.
810 2169 863 2240 23,
884 2171 938 2242 49,
960 2169 1003 2244 2).
1021 2205 1058 2213 —
1084 2172 1129 2229 De
1153 2172 1285 2230 mercede
1307 2174 1510 2250 apparitorum

178 2274 248 2331 anni
276 2273 363 2350 primi
390 2293 465 2348 quac
489 2274 663 2330 ordinantur
685 2293 709 2330 c.
731 2272 840 2330 LXIII
867 2273 1010 2348 impedita
1040 2282 1110 2330 sunt
1137 2283 1165 2330 et
1192 2285 1346 2352 corrupta;
1373 2277 1511 2333 videntur

177 2385 277 2433 tamen
303 2376 489 2450 aliquatenus
520 2393 610 2451 posse
636 2374 786 2449 expediri,
818 2376 843 2433 si
871 2392 1024 2432 sumamus
1051 2376 1214 2451 apparitori
1243 2377 1316 2435 nulli
1346 2377 1509 2435 mercedem

178 2497 307 2536 annnam
335 2478 461 2536 solutam
490 2495 571 2547 esse,
596 2477 655 2535 nisi
681 2486 794 2554 partem
818 2484 955 2552 quartam
978 2478 1048 2534 anni
1071 2478 1117 2534 sni
1141 2479 1340 2554 apparuisset.
1384 2480 1432 2537 Ab
1455 2480 1512 2538 bae

178 2581 243 2656 lege
265 2580 351 2654 primi
376 2581 444 2637 unni
468 2580 654 2656 apparitores
677 2579 718 2636 ita
735 2578 870 2637 ridentur
893 2580 979 2648 solvi,
1003 2587 1034 2636 ut
1055 2598 1109 2656 pro
1132 2581 1268 2654 portione
1292 2583 1511 2657 temporisque

179 2683 371 2758 apparuerint
393 2682 558 2740 mercedem
581 2681 728 2756 accipiant
750 2699 804 2738 nec
828 2685 926 2738 minus
949 2688 1034 2755 parte
1057 2690 1174 2755 quarta.
1212 2662 1241 2717 ’ἶ

51 2795 96 2842 Ius
111 2793 149 2842 iu·
262 2785 371 2842 Paullo
393 2785 516 2842 maioris
538 2782 680 2842 momenti
701 2790 748 2840 est
765 2782 973 2841 iusiurandum
989 2784 1164 2853 scribarum,
1186 2785 1298 2860 dequo
1314 2772 1421 2844 tractat
1437 2785 1513 2863 legis

47 2875 155 2968 lindum
183 2906 207 2944 c.
227 2885 376 2944 LXXXI.
421 2884 623 2943 Confirmatnr
648 2884 717 2942 inde
743 2886 823 2958 quod
846 2885 905 2942 alio
928 2884 995 2942 loco
1017 2886 1131 2943 ostendi
1160 2887 1355 2961 (Stantareclt
1378 2890 1407 2959 1,
1428 2888 1513 2963 332),

33 2958 298 3048 scr¹b³r¹¹¹¹¹scribas
324 2997 486 3062 occupatos
515 2988 610 3046 fuisse
637 2987 826 3063 potissImum
854 2987 884 3043 in
913 2987 1079 3045 rationibus
1109 2989 1286 3059 tractandis;
1320 2989 1371 3047 sed
1400 2989 1432 3046 id
1460 3009 1512 3048 eos

182 3092 279 3149 facere
295 3089 435 3147 debuisse
458 3090 572 3146 iuratos
595 3088 666 3146 alibi
689 3108 747 3146 uon
763 3089 884 3146 memini
904 3109 950 3146 rue
973 3091 1090 3168 legisse.
1109 3090 1276 3148 —Forma
1297 3092 1513 3166 iuris—iurandi

182 3191 304 3249 aliunde
331 3191 406 3249 satis
433 3196 505 3248 not'a
534 3200 579 3249 est
606 3189 735 3248 maxime
763 3211 801 3248 ex
828 3190 894 3266 lege
923 3186 1054 3249 Bantina
1081 3193 1171 3251 roll
1200 3215 1228 3251 n.
1247 3194 1304 3251 197
1333 3213 1359 3250 v.
1382 3196 1432 3251 17:
1462 3194 1513 3269 [eis

182 3297 352 3352 consistente
370 3311 428 3368 pro
451 3292 534 3368 ae]de
554 3294 692 3351 Contorua
711 3292 813 3369 polam
837 3293 895 3352 luci
916 3298 944 3349 iu
960 3297 1060 3369 sorum
1083 3314 1182 3354 corana
1206 3306 1231 3353 et
1252 3297 1340 3353 eidem
1435 3298 1516 3372 apud

183 3395 385 3472 q(uaastorem)
411 3399 528 3453 tetrante
548 3414 603 3470 per
624 3395 717 3452 Iouem
740 3398 862 3471 deosque
888 3395 1045 3470 [Penateia]
1070 3439 1160 3454 .....
1184 3408 1373 3473 quaestorque
1468 3417 1515 3456 eoa

182 3500 248 3576 quei
269 3513 302 3553 ea
324 3497 350 3552 lt.
369 3497 386 3552 l.
410 3498 492 3572 apud
512 3498 564 3554 sed
585 3500 712 3555 iurarint
725 3498 820 3570 jacito
842 3501 872 3554 in
895 3498 1012 3555 tabule-ia
1029 3497 1181 3574 [popltceie
1194 3499 1377 3574 perscribat}
1410 3500 1516 3557 Iurant

183 3599 300 3658 scribae
322 3598 528 3656 tantummodo
552 3617 604 3673 per
618 3600 718 3656 lovem
743 3600 875 3675 deosque
891 3599 1029 3670 Penates,
1052 3608 1084 3658 ut
1099 3600 1234 3658 solebant
1249 3600 1345 3659 libera
1360 3599 1515 3659 etiamtum

184 3722 215 3760 re
237 3701 358 3777 publica
380 3695 572 3776 (Stadtreebte
593 3719 646 3758 aon
664 3698 809 3776 Salpensa
831 3720 861 3777 p.
878 3702 956 3772 4603
980 3699 1161 3760 Stantereeltt
1178 3703 1204 3771 l,
1221 3701 1295 3778 598)
1319 3722 1380 3760 non
1399 3704 1514 3762 adiecto

184 3803 324 3863 Caesaris
346 3803 443 3878 genio,
472 3822 538 3860 cum
568 3802 760 3881 imperatoria
787 3812 885 3860 aetate
912 3804 951 3860 ad
972 3803 1076 3861 Iovem
1099 3803 1230 3879 deosque
1252 3804 1382 3865 Penates
1404 3805 1515 3864 addan·

184 3920 232 3965 tur
261 3906 366 3982 genius
396 3904 539 3980 principis
566 3906 617 3979 qui
645 3912 692 3963 est
720 3914 749 3963 et
774 3905 835 3962 diri
858 3905 1007 3982 principes
1031 3905 1081 3980 qui
1110 3905 1239 3964 fuerunt.
1283 3905 1402 3965 Novum
1425 3927 1515 3966 unum

185 4007 307 4080 accedit,
331 4006 411 4085 quod
434 4006 640 4064 iusiurandum
657 4007 786 4084 adigitur
802 4025 861 4063 nou
883 4018 996 4065 tautum
1017 4011 1047 4065 in
1066 3992 1191 4066 contibne
1209 4009 1321 4084 palato,
1343 4009 1423 4083 quod
1446 4010 1516 4066 item

38 4117 231 4169 Nundinaeest
253 4111 282 4167 in
305 4110 380 4186 legis
397 4108 596 4167 Malacitanae
618 4127 642 4166 c.
667 4108 716 4178 59,
740 4108 792 4167 sed
816 4109 904 4166 etiarn
926 4111 1072 4167 nundinis.
1109 4108 1197 4168 Unde
1220 4110 1376 4184 probabile
1398 4111 1517 4170 estUr-

186 4231 257 4271 sone
285 4213 361 4271 idem
389 4213 452 4268 sere
474 4210 652 4280 obtinuisse,
678 4210 757 4286 quod
785 4231 879 4287 nuper
903 4221 1027 4269 senatus
1056 4211 1224 4270 consultum
1246 4230 1272 4269 a.
1299 4211 1356 4270 138
1383 4211 1420 4271 de
1443 4233 1517 4270 nun·

186 4313 264 4371 dinis
293 4313 387 4371 saltus
414 4313 579 4388 Beguensis
607 4317 636 4369 in
660 4311 763 4370 Africa
792 4313 894 4386 (liuius
917 4313 983 4389 eph.
1009 4313 1038 4383 2,
1055 4311 1128 4388 273)
1156 4320 1186 4370 et
1213 4313 1291 4371 tituli
1315 4314 1516 4389 provinciales

187 4414 239 4472 alii
261 4413 292 4489 (l.
314 4434 338 4472 c.
364 4435 391 4490 p.
410 4413 486 4485 2803
513 4414 632 4473 Bullett.
655 4414 721 4471 aett‘
745 4418 810 4472 inst.
837 4414 915 4472 1876
938 4435 967 4491 p.
984 4414 1037 4490 80)
1060 4426 1248 4491 aperuerunt,
1279 4414 1395 4474 scilicet
1415 4426 1449 4476 ut
1470 4417 1517 4475 bis

186 4537 240 4594 per
263 4534 394 4574 mensem
418 4517 505 4574 statis
528 4516 631 4574 diebus
655 4516 803 4574 nundinae
826 4516 868 4573 ibi
891 4526 1058 4595 agerentur.

46 4623 179 4687 Serripu-
273 4614 358 4676 Servi
386 4618 495 4692 publici
522 4618 605 4693 quod
632 4617 706 4675 nulli
733 4617 840 4675 dantur
863 4618 1006 4688 duoviris,
1035 4617 1110 4674 llll
1123 4618 1234 4694 publici
1256 4639 1318 4678 cunr
1340 4624 1429 4678 cincto
1452 4621 1518 4678 limo

84 4704 144 4756 blici
189 4720 300 4778 adsunt
321 4720 466 4778 aedilibus
490 4719 530 4794 (c.
552 4717 641 4777 LXII
663 4739 691 4795 p.
708 4718 737 4789 9,
754 4717 816 4794 16),
840 4729 919 4778 recte
940 4720 1102 4796 respondet
1123 4721 1268 4779 institutis
1291 4722 1376 4779 urbis
1393 4722 1517 4793 Romae,

190 4822 240 4880 ubi
263 4821 332 4878 item
356 4820 467 4897 publici
489 4822 568 4880 servi
591 4821 738 4880 aedilibus
765 4822 924 4898 praecipue
952 4822 1123 4880 ministrant
1148 4821 1345 4896 (Stuotsrealt
1371 4820 1415 4893 1²,
1433 4822 1517 4898 313).

189 4921 257 4982 Nos
285 4922 322 4980 de
348 4923 405 4980 hoo
432 4940 551 4998 quoque
578 4924 644 4982 loeo
672 4923 744 4981 alibi
771 4923 903 4980 diximus
930 4923 1097 5001 ibidemque
1126 4924 1240 5001 egimus
1266 4925 1303 4982 de
1331 4924 1443 5001 insigni
1465 4943 1519 5001 pu·

190 5024 336 5083 blicorum
360 5026 457 5084 cincto
479 5025 550 5082 limo
572 5024 606 5099 (l.
629 5044 654 5083 c.
679 5023 724 5096 1⁹,
741 5024 801 5084 310
823 5044 851 5081 n.
872 5024 911 5098 1).
