3510 5812
676 520 750 569 Lux
779 520 859 570 001..
889 518 1115 569 GENETIVAE.

667 997 1110 1080 COllllllENTARIVM.

306 1217 561 1277 Commentarium
584 1217 626 1274 ita
648 1217 773 1288 institui,
801 1228 833 1275 ut
854 1236 930 1293 quae
954 1235 990 1273 ex
1014 1216 1060 1272 his
1084 1215 1193 1273 tabulis
1223 1235 1260 1274 ex
1284 1217 1387 1274 ordino
1410 1217 1555 1274 inventio·

221 1320 268 1379 nis
290 1329 396 1394 quarta
417 1319 580 1395 quintaque
603 1319 756 1389 accedunt,
779 1320 940 1395 adiungam
967 1317 1188 1394 quodammodo
1216 1318 1252 1376 ad
1281 1318 1554 1393 interpretationem

220 1440 310 1498 quam
336 1424 368 1480 in
395 1422 485 1480 huius
507 1422 574 1496 eph.
598 1422 656 1478 rol.
672 1421 705 1477 lI
728 1440 754 1496 p.
776 1421 947 1479 llll-148
977 1420 1045 1478 dedi
1072 1420 1242 1477 tabularum
1265 1421 1353 1478 trium
1376 1428 1465 1478 antea
1486 1440 1554 1497 pro·

219 1525 363 1596 latarum,
396 1535 427 1583 ut
460 1533 607 1600 quatenus
641 1523 704 1581 fieri
737 1533 844 1600 potest,
874 1523 999 1581 eundem
1029 1523 1161 1580 ordinem
1195 1521 1381 1598 eandemque
1408 1524 1553 1582 rationem

219 1626 268 1685 hic
290 1645 409 1704 quoque
432 1644 550 1703 sequar.

305 1726 395 1801 Quod
418 1728 459 1785 ibi
475 1727 574 1785 monui
599 1746 626 1802 p.
647 1728 714 1786 119.
735 1726 793 1785 120
810 1728 955 1803 quaedam
980 1727 1105 1804 reperiri
1128 1727 1156 1785 in
1180 1728 1256 1804 lege,
1279 1745 1355 1802 quae
1378 1727 1470 1785 scribi
1492 1745 1551 1784 non
1566 1734 1619 1782 Lex
1642 1751 1693 1799 quo

220 1830 370 1906 potuerint
391 1830 448 1888 uisi
467 1827 599 1888 Caesare
622 1832 699 1902 rivo,
722 1831 753 1888 id
775 1835 804 1886 in
828 1830 946 1888 tabulas
963 1848 1039 1905 quae
1061 1829 1205 1887 accedunt
1227 1829 1315 1888 etiam
1337 1830 1433 1905 magis
1456 1829 1549 1901 cadit;
1574 1826 1688 1911 ¹⁹¹¹¹P⁰f⁰

218 1931 262 1990 ita
292 1930 401 2009 legitur
429 1952 454 1991 c.
482 1931 520 1989 66
554 1932 609 1990 in.:
647 1952 717 2008 quos
751 1935 900 2009 pontifices
938 1951 1064 2009 quosque
1099 1951 1222 2008 aripures
1256 1931 1292 1990 G.
1327 1931 1436 1990 Caesar
1468 1936 1551 2007 quiec
1579 1899 1630 1948 Μ
1649 1910 1683 1948 5η

218 2037 299 2093 iussu
321 2037 380 2092 eius
402 2033 541 2092 coloniam
564 2036 711 2093 deduxerit
726 2037 840 2109 fecerit.
884 2035 982 2093 Erunt
1010 2037 1137 2093 sortasse
1167 2036 1219 2110 qui
1247 2045 1405 2111 propterea
1431 2045 1551 2092 conten-

218 2135 290 2194 dent
312 2136 407 2214 legem
430 2137 571 2211 scriptam
595 2156 661 2195 esse
685 2144 822 2213 oportere
843 2146 912 2194 ante
935 2137 1002 2194 idus
1025 2137 1150 2196 Martias
1173 2157 1198 2194 a.
1217 2137 1233 2193 t
1241 2137 1288 2207 10,
1311 2135 1465 2214 legemque
1488 2138 1550 2194 An-

219 2239 332 2297 toniam
354 2251 548 2297 memoratum
572 2240 600 2311 5,
619 2237 656 2295 12
679 2239 769 2297 latam
792 2256 859 2298 esse
887 2258 944 2296 non
968 2248 1037 2315 post
1059 2239 1172 2297 obitum
1195 2238 1360 2308 dictatoris,
1388 2241 1441 2297 sed
1464 2240 1549 2297 iussu

219 2339 284 2399 eius
307 2359 326 2398 a
347 2340 463 2417 collega
484 2340 616 2398 consule.
660 2340 767 2416 Neque
784 2358 859 2417 nego
875 2341 905 2398 id
921 2341 964 2398 ita
978 2342 1041 2399 fieri
1057 2341 1192 2418 potuisse
1199 2363 1207 2412 3
1224 2342 1319 2416 magis
1334 2351 1434 2399 tumen
1457 2342 1550 2399 credi-

218 2440 322 2514 derim,
351 2460 416 2500 curu
444 2443 621 2519 praesertim
651 2462 703 2517 per
729 2442 898 2501 universam
928 2443 1023 2519 legem
1053 2442 1171 2500 colonia
1197 2442 1315 2500 dicatur
1342 2442 1430 2500 modo
1458 2442 1549 2501 dedu-

218 2543 321 2615 cenda,
345 2543 435 2601 modo
457 2543 594 2616 deducta,
622 2546 701 2602 cerni
728 2545 776 2602 hic
806 2547 986 2620 perturbatis
1013 2544 1074 2602 illis
1097 2544 1282 2620 temporibus
1305 2545 1456 2621 propriam
1481 2564 1547 2602 con·

215 2644 363 2704 lusionem
386 2655 520 2704 actorum
543 2647 698 2704 dictatoris
721 2646 851 2705 defuncti
875 2646 1066 2722 oonsulisque
1089 2646 1269 2722 superstitis.

300 2747 496 2823 Interpolatic
528 2758 675 2824 quatenus
709 2750 738 2806 in
771 2750 826 2806 has
860 2747 979 2806 tabulas
1006 2758 1144 2824 grassata
1170 2749 1219 2820 sit,
1251 2749 1319 2806 inde
1347 2748 1545 2824 intellegetur,
1565 2750 1681 2814 Interpo-

215 2849 295 2925 quod
319 2848 463 2922 formula,
492 2850 529 2908 de
554 2870 615 2926 qua
641 2850 704 2907 dixi
731 2870 759 2926 p.
779 2850 847 2922 121,
875 2869 941 2908 eum
968 2850 1143 2927 plerumque
1171 2853 1201 2908 in
1228 2851 1275 2909 lris
1303 2851 1346 2908 ita
1372 2852 1547 2926 reperiatur,
1571 2833 1678 2881 ¹³2⁰¹¹⁰⁸

215 2960 248 3008 ut
276 2951 404 3027 proferri
433 2952 509 3010 solet
539 2953 570 3010 in
598 2953 696 3028 prima
723 2962 752 3010 et
782 2952 913 3011 secunda
943 2952 1058 3010 tabula:
1092 2956 1206 3029 eiusque
1232 2956 1371 3028 preeuntes
1401 2955 1448 3009 cai
1475 2953 1549 3011 uolet

210 3055 312 3127 petitio
335 3058 550 3131 persecutioque
576 3066 632 3113 esto
661 3053 724 3129 (13,
747 3055 794 3113 15.
815 3052 863 3111 22.
886 3053 954 3129 28),
982 3073 1042 3111 uuo
1069 3054 1136 3113 loco
1164 3054 1228 3130 (13,
1247 3052 1300 3130 22)
1327 3055 1403 3114 adeo
1430 3075 1546 3113 reman-

215 3155 256 3212 sit
286 3155 444 3231 pristinum
479 3160 530 3231 qui
561 3156 634 3215 volet
665 3164 821 3232 praeterea
853 3157 883 3213 in
916 3156 1054 3214 universa
1083 3155 1148 3234 lege
1172 3158 1248 3215 male
1270 3166 1415 3215 mutatum
1438 3157 1469 3213 in
1491 3161 1545 3215 cui.

216 3252 305 3330 Quod
328 3258 405 3318 solet
427 3258 495 3317 addi
518 3259 548 3316 in
571 3258 672 3316 tabula
694 3258 782 3316 tertia
804 3262 1013 3334 recuperatorio
1035 3260 1141 3316 iudicio
1168 3261 1248 3335 apeid
1268 3259 1397 3318 licitam
1414 3262 1545 3336 praessa·

214 3367 313 3428 tumee,
339 3359 371 3417 in
393 3360 440 3418 his
456 3379 601 3436 nusquam
624 3360 745 3435 legitnr3
769 3379 827 3418 uno
851 3367 948 3418 tamen
969 3360 1037 3418 loco
1060 3360 1088 3430 9,
1110 3358 1127 3417 8
1150 3360 1229 3435 quod
1253 3360 1405 3418 scribitur:
1432 3365 1546 3436 eiusque

210 3463 348 3535 pecuniae
367 3466 413 3520 cai
429 3462 503 3521 volet
517 3466 628 3538 petitio,
650 3463 747 3520 IIuiro
762 3467 865 3538 quique
879 3466 941 3519 iure
957 3463 1079 3519 dicundo
1089 3466 1217 3538 praeerit
1233 3465 1341 3521 erectio
1356 3463 1546 3537 iudicatioque

215 3572 281 3631 esto,
304 3582 337 3619 re
359 3563 462 3622 eodem
486 3565 572 3622 redit.
617 3564 722 3622 Altero
745 3574 842 3623 autem
866 3564 929 3639 (13,
947 3565 979 3638 7)
1007 3564 1088 3640 quod
1114 3565 1140 3622 ei
1163 3565 1214 3640 qui
1237 3565 1316 3622 volet
1339 3565 1427 3622 datur
1445 3567 1544 3640 petitio

212 3668 371 3739 persecutio
394 3670 567 3742 eaucticque,
589 3667 678 3743 plane
701 3667 904 3742 perturbatum
921 3676 980 3736 est3
1004 3685 1072 3723 narn
1089 3667 1208 3724 exactio
1230 3666 1260 3723 in
1280 3666 1390 3725 iudicio
1406 3667 1543 3743 populari

214 3764 251 3822 ad
283 3767 490 3842 magistratum
522 3768 658 3842 pertinet.
703 3768 833 3826 Omnino
866 3768 955 3842 igitur
988 3768 1043 3826 hae
1072 3786 1191 3844 quoque
1219 3768 1339 3826 tabulae
1362 3787 1542 3845 quamquam

212 3884 272 3925 non
297 3868 451 3927 subierunt
476 3869 737 3946 interpolationem
766 3868 864 3940 talem,
894 3869 1013 3944 qualem
1042 3868 1129 3927 tertia
1155 3888 1298 3945 perpessa
1320 3879 1375 3943 est,
1405 3879 1435 3928 et
1459 3871 1543 3946 ipsae

212 3969 325 4045 pariter
346 3970 408 4029 fere
430 3981 519 4047 atque
540 3972 638 4048 prima
660 3970 848 4046 secundaque
871 3971 986 4046 passim
1009 3980 1167 4047 corruptae
1189 3979 1259 4028 suut
1280 3981 1310 4030 et
1331 3972 1361 4030 in
1377 3971 1542 4029 minoribus

212 4070 300 4128 etiam
324 4073 531 4149 interpolatae.

295 4172 343 4231 De
375 4174 615 4252 orthographicis
648 4194 706 4233 uon
738 4175 875 4252 colligam
910 4193 987 4251 quae
1020 4175 1078 4233 iam
1108 4175 1254 4234 accedunt
1281 4175 1421 4252 exempla
1447 4172 1484 4230 ad
1507 4189 1543 4229 ea
1581 4180 1677 4231 Ortho-

211 4291 288 4350 quae
310 4276 465 4353 composui
488 4296 517 4352 p.
537 4277 604 4335 122.
631 4276 697 4335 123.
741 4277 823 4335 Addi
852 4285 954 4352 potest
980 4277 1104 4353 reperiri
1130 4279 1319 4353 quadriduum
1345 4275 1393 4348 12,
1408 4276 1436 4348 9,
1459 4272 1541 4350 quod
1561 4263 1688 4327 graphica

210 4375 305 4435 solum
332 4379 517 4453 probandum
548 4396 614 4438 esse
637 4380 692 4436 riri
720 4379 805 4454 periti
833 4398 892 4436 non
919 4379 1071 4454 ignoraut3
1105 4380 1174 4437 item
1202 4380 1358 4454 conlegium
1380 4375 1543 4454 quinquies

210 4478 300 4537 scribi
319 4480 367 4552 10,
384 4480 431 4538 35.
452 4481 498 4552 11,
517 4479 563 4537 12.
584 4483 629 4538 14.
650 4481 697 4538 17.
714 4479 763 4551 20,
784 4481 876 4538 semel
891 4481 1038 4556 collegium
1056 4482 1103 4552 10,
1121 4480 1170 4550 38,
1190 4499 1317 4556 quarum
1332 4480 1495 4537 formarum
1513 4477 1543 4533 in

208 4579 265 4637 hac
292 4582 480 4658 ephemeride
507 4582 565 4640 alio
594 4583 660 4640 loco
684 4582 787 4657 (voll
810 4603 838 4658 p.
857 4583 910 4657 79)
934 4583 1135 4641 demonstrari
1166 4583 1248 4640 illam
1275 4580 1417 4657 Caesaris
1445 4587 1544 4637 aetate

208 4680 385 4755 obtinuisse,
413 4685 490 4742 hauc
512 4684 567 4742 sub
589 4685 827 4760 imperatoribus,
850 4702 910 4759 quo
933 4685 1050 4743 demum
1073 4696 1206 4759 tempore
1228 4684 1278 4742 lex
1302 4685 1332 4742 in
1355 4701 1424 4741 aere
1448 4679 1545 4737 incisa

207 4792 263 4841 est.
308 4782 510 4844 Solcecismcs
538 4786 636 4845 nullos
664 4785 774 4844 offendi
804 4795 923 4863 praeter
944 4788 1068 4845 alterum
1092 4789 1204 4844 sitierint
1228 4786 1275 4857 10,
1296 4784 1330 4842 12
1354 4794 1386 4842 et
1407 4782 1546 4858 publicae

210 4881 314 4956 12,18
341 4905 396 4962 pro
420 4889 548 4962 publica
582 4889 727 4946 accedunt
755 4888 913 4946 verborum
942 4889 1103 4948 divisiones
1131 4888 1268 4947 insolitae
1296 4888 1408 4962 reuolue
1436 4877 1546 4954 11111,

208 4987 270 5063 qius
295 4987 342 5058 10,
358 4988 461 5061 39111,
478 4991 504 5061 1,
528 4987 730 5069 arripluiscent
753 4989 800 5060 10,
817 4989 877 5049 017.

291 5087 423 5148 Litterae
447 5091 614 5168 singulares
636 5102 665 5149 et
687 5092 772 5168 ipsae
795 5099 846 5149 aut
867 5092 986 5150 aliunde
1013 5095 1087 5149 satis
1113 5102 1201 5150 notae
1229 5097 1300 5150 sunt
1322 5098 1375 5146 aut
1398 5092 1479 5143 certe
1502 5081 1545 5138 in·
1565 5083 1678 5133 Litterae

206 5190 429 5265 terpretationis
452 5191 622 5261 facillimae,
646 5199 677 5250 ut
699 5191 827 5269 c(apere)
851 5192 959 5268 l(ieeto)
985 5194 1066 5265 10,8
1090 5192 1141 5268 (cl.
1161 5195 1208 5264 10,
1225 5191 1269 5267 2).
1552 5166 1693 5229 ⁵⁵¹¹ss¹¹¹⁸f²⁸
