3510 5812
585 492 888 546 cessavamouns
914 494 1200 547 nercsavfflcan.
1484 475 1556 547 323

306 668 486 728 Examinavi
508 671 574 746 ipse
596 669 790 746 archetypum
807 668 960 745 habuique
975 668 1079 727 charta
1097 669 1249 744 pellucido
1270 686 1457 748 expressam.
1495 670 1557 729 De·

224 771 346 846 scripsit
367 771 439 830 item
461 773 685 832 accuratissime
707 790 727 828 a
747 790 795 828 me
816 781 938 848 rogatus
961 770 1146 830 Dresselius.
1191 771 1247 830 Ed.
1265 769 1299 831 O.
1316 770 1353 830 L.
1370 771 1505 832 Visconti
1526 773 1557 831 in

223 893 292 932 ann.
314 874 385 933 inst.
407 875 488 934 arch.
513 875 552 932 29
577 873 688 950 (1857)
711 893 739 951 p.
757 872 825 931 325.
870 872 942 932 Inde
963 873 1133 932 Wilmanns
1156 872 1312 933 ιι.1724α.

305 976 444 1035 Duorum
473 977 638 1050 titulorum,
665 994 740 1054 quos
767 994 859 1052 supra
886 976 1040 1052 proposui,
1066 977 1149 1054 prior
1175 994 1252 1035 saec.
1275 976 1349 1035 XVI
1376 987 1406 1036 et
1426 977 1557 1037 innotuit

222 1086 252 1137 et
266 1079 369 1155 periit;
392 1079 469 1138 alter
490 1088 559 1138 ante
581 1081 637 1138 hos
659 1078 763 1154 viginti
784 1096 879 1137 annos
898 1079 1026 1155 primum
1041 1078 1158 1153 publice
1172 1078 1271 1138 editus
1286 1077 1385 1138 adhuc
1408 1091 1555 1155 superest.

222 1181 392 1257 Utrumque
415 1193 447 1240 nt
468 1183 517 1241 hic
532 1183 630 1241 denuo
646 1180 773 1250 ederem,
796 1180 890 1238 movit
910 1200 966 1252 me,
989 1180 1070 1257 quod
1092 1181 1128 1238 de
1150 1181 1260 1257 prioris
1282 1191 1379 1240 aetate
1400 1200 1461 1259 quo
1483 1189 1555 1242 tem-

221 1301 294 1358 pore
320 1302 389 1341 eum
416 1284 561 1342 tricennio
590 1284 697 1342 abhinc
724 1284 859 1341 recensui
892 1283 1024 1360 graviter
1055 1283 1153 1341 erravi
1182 1301 1309 1359 eumque
1340 1303 1470 1343 errorem
1498 1286 1554 1344 etsi

221 1385 380 1463 explosum
408 1385 504 1444 altero
531 1387 619 1445 titulo
642 1394 749 1462 postea
773 1385 805 1443 in
826 1384 923 1442 lucem
948 1385 1065 1460 prolato
1088 1384 1183 1443 nihilo
1205 1385 1304 1442 minus
1327 1385 1414 1444 hodie
1436 1405 1555 1463 quoque

221 1488 389 1563 complures
429 1488 484 1545 viri
526 1489 605 1547 docti
643 1489 781 1547 retinent.
837 1485 960 1546 Scilicet
996 1505 1064 1544 cum
1100 1486 1230 1562 priorem
1270 1487 1387 1546 titulum
1425 1489 1555 1548 maxime

222 1602 344 1668 propter
365 1590 476 1648 bellum
498 1591 615 1663 navale,
639 1592 724 1649 cuius
747 1589 788 1649 ibi
810 1590 921 1648 mentio
942 1589 976 1646 fit
997 1609 1024 1646 v.
1043 1587 1093 1660 42,
1115 1590 1153 1647 ad
1175 1598 1303 1648 aetatem
1315 1591 1447 1667 Augusti
1469 1611 1554 1650 revo-

223 1711 350 1763 cassem,
373 1693 596 1769 supervenisset
617 1692 723 1751 deindc
746 1691 821 1750 alter
843 1691 976 1750 eiusdem
999 1691 1119 1749 omnino
1135 1692 1264 1751 hominis
1287 1692 1446 1750 nominans
1468 1714 1496 1751 v.
1516 1694 1552 1754 18

219 1795 320 1854 divum
348 1794 453 1866 Pium,
486 1795 535 1870 qui
570 1796 649 1854 hunc
682 1795 795 1870 primus
822 1794 915 1853 edidit
937 1791 1113 1852 Viscontius
1143 1794 1379 1853 adsentientibus
1408 1793 1553 1855 Henzeno

221 1897 392 1973 Rossioque
418 1907 534 1972 partem
561 1897 625 1955 eius
652 1897 845 1972 posteriorem
872 1895 942 1954 inde
964 1915 983 1952 a
1005 1916 1032 1954 v.
1058 1894 1094 1953 12
1123 1895 1256 1973 spuriam
1278 1895 1433 1968 iudicavit3
1462 1917 1552 1974 quam

220 2000 397 2058 sententiam
421 1997 610 2059 Cavedonius
634 1999 728 2075 (Ball.
746 1998 825 2075 Nep.
850 1996 887 2056 N.
912 1995 943 2057 S.
968 1997 996 2069 6,
1018 1996 1090 2074 193)
1112 1997 1308 2074 impugnavit,
1330 1998 1551 2059 Wilmannsius

220 2102 254 2178 (l.
277 2120 303 2160 c.
327 2102 433 2178 supra)
456 2111 576 2160 secutus
598 2110 652 2160 est.
696 2103 761 2178 Ego
788 2100 859 2176 quid
887 2099 923 2158 de
946 2119 982 2159 ea
1002 2118 1034 2158 re
1056 2117 1194 2159 censeam
1218 2118 1285 2159 cum
1307 2100 1437 2159 breviter
1459 2102 1552 2179 signi·

218 2204 332 2262 ficarim
354 2204 393 2262 ad
416 2205 475 2262 vol.
492 2204 534 2263 Vl
557 2224 585 2262 n.
605 2203 693 2276 1565,
716 2204 776 2262 iam
798 2202 966 2280 explicabo.

300 2307 436 2365 Priorem
464 2306 583 2365 titulum
610 2325 675 2364 cnm
703 2306 883 2380 descriptum
912 2306 1076 2365 habeamus
1105 2305 1253 2381 integrum
1282 2305 1453 2382 aquinqne
1478 2307 1550 2367 viris

218 2409 313 2468 doctis
336 2427 414 2468 saec.
437 2408 514 2466 XVI
537 2406 644 2481 Statio,
667 2408 768 2484 Pighii
790 2417 920 2480 auctore,
949 2405 1121 2478 Cittadinio,
1149 2426 1300 2484 anonymo
1323 2407 1470 2484 Hispano,
1497 2410 1550 2468 Li·

216 2512 310 2590 gorio,
333 2518 488 2587 praeterea
509 2518 624 2587 partem
646 2509 845 2579 aFabrettio,
868 2509 905 2567 de
927 2510 1054 2569 lectione
1076 2509 1150 2568 satis
1172 2517 1299 2583 constat,
1322 2510 1359 2568 de
1381 2510 1550 2571 litteratura

216 2632 288 2673 vero
310 2613 399 2671 hodie
420 2613 544 2672 iudicari
567 2633 628 2672 non
650 2620 757 2687 potest.
802 2611 936 2669 Alterius
955 2612 1005 2687 qui
1029 2620 1114 2670 extat
1135 2612 1214 2687 parti
1236 2612 1383 2687 superiori
1405 2613 1550 2691 inscripta

217 2717 341 2792 antiqua
362 2733 427 2774 esse
449 2724 537 2774 extra
558 2715 678 2773 dubium
701 2723 761 2784 est3
784 2720 815 2772 at
836 2733 855 2771 a
876 2732 904 2772 v.
927 2713 995 2770 inde
1021 2711 1057 2770 12
1081 2714 1124 2771 ita
1151 2712 1289 2786 declinat,
1311 2723 1343 2773 nt
1370 2716 1418 2773 sni
1440 2715 1548 2776 similis

217 2837 276 2877 non
303 2818 352 2876 sit.
397 2818 521 2895 Apices,
550 2817 600 2894 qui
629 2836 688 2874 non
717 2815 814 2875 solent
840 2816 946 2874 adesse
968 2816 1027 2874 nisi
1050 2816 1080 2873 in
1102 2815 1198 2875 titulis
1220 2834 1288 2875 cnm
1311 2835 1383 2876 cura
1403 2819 1547 2891 exaratis,

216 2919 303 2978 multi
330 2927 401 2977 sunt
426 2923 457 2977 in
484 2929 569 2997 parte
596 2919 763 2996 superiore,
791 2937 857 2977 cum
885 2917 916 2976 in
938 2918 1078 2977 inferiore
1100 2935 1177 2977 unns
1200 2917 1282 2977 solus
1304 2937 1332 2976 v.
1359 2919 1395 2976 13
1418 2920 1549 2996 reperia-

214 3032 270 3080 tur.
314 3020 447 3080 Litterae
474 3041 493 3079 a
520 3042 546 3080 v.
569 3021 638 3079 inde
663 3021 700 3079 12
728 3021 900 3096 inaequales
929 3030 958 3079 et
991 3022 1086 3098 magis
1118 3021 1273 3097 magisque
1307 3022 1395 3079 rudes
1425 3020 1463 3079 ad
1489 3022 1548 3080 for·

215 3143 292 3182 mam
327 3142 416 3200 quam
450 3126 599 3182 cursivam
632 3123 732 3183 dicunt
762 3123 927 3193 declinant,
962 3133 994 3180 ut
1018 3138 1081 3181 aas
1109 3123 1152 3181 sic
1183 3123 1246 3181 lere
1279 3123 1442 3183 formentur
1472 3141 1546 3184 aas.

213 3225 354 3301 Denique
377 3226 451 3284 haec
472 3245 543 3303 pars
566 3234 617 3285 ant
638 3233 702 3283 tota
723 3233 774 3284 aut
795 3226 858 3284 fere
880 3235 946 3284 tnta
967 3225 1079 3301 scripta
1100 3233 1147 3284 est
1168 3226 1199 3283 in
1220 3225 1321 3297 litura,
1349 3225 1468 3285 sublata
1490 3226 1546 3285 sci-

215 3327 285 3386 licet
306 3327 400 3386 multo
422 3339 451 3385 et
472 3327 586 3386 diutino
608 3327 711 3386 labore
733 3327 885 3405 primitiva
913 3329 1061 3403 scriptura
1081 3345 1148 3385 cnm
1170 3329 1237 3404 ipsa
1256 3328 1367 3403 lapidis
1390 3327 1547 3405 superficie

146 3507 147 3510 Ἴ
214 3437 244 3488 et
269 3429 300 3487 in
326 3430 426 3505 spatio
453 3430 598 3507 depresso
625 3440 656 3487 et
681 3430 789 3488 scabro
817 3429 955 3505 repositis
983 3429 1020 3487 iis
1048 3448 1124 3505 qnae
1151 3429 1294 3505 legimus,
1325 3447 1384 3505 quo
1413 3440 1546 3505 tempore

213 3539 368 3608 praeterea
400 3531 530 3595 fortasse
559 3551 585 3590 v.
610 3531 627 3589 6
657 3531 706 3591 fin.
734 3531 838 3589 addita
865 3539 933 3589 sunt
964 3531 1112 3590 elementa
1138 3548 1186 3589 aa.
1237 3528 1409 3608 Scripturae
1436 3531 1545 3608 prioris

214 3635 342 3711 vestigia
372 3633 636 3709 deprehenduntur
662 3635 693 3691 in
729 3634 838 3710 spatiis
865 3635 966 3692 vacuis
997 3653 1042 3690 vv.
1063 3633 1110 3692 17.
1131 3631 1179 3690 22.
1208 3632 1274 3709 (ubi
1295 3642 1365 3710 post
1385 3649 1543 3692 asstrrvrr

213 3735 310 3795 adhuc
332 3736 530 3812 adgnoscitnr
545 3737 584 3811 s).
622 3736 697 3794 Item
719 3755 747 3795 v.
766 3734 803 3793 12
827 3756 865 3794 ex
887 3744 973 3813 parte
995 3736 1135 3811 antiquus
1158 3753 1227 3794 esse
1244 3735 1370 3807 videtur,
1394 3735 1545 3795 similiter·

213 3856 271 3915 que
287 3857 314 3896 v.
334 3839 370 3896 13
393 3845 535 3914 quattuor
549 3839 664 3916 primae
686 3839 803 3897 litterae
820 3857 878 3896 una
892 3856 958 3896 cum
981 3839 1066 3913 apice
1082 3838 1132 3913 qui
1154 3828 1290 3912 sequitur
1311 3856 1330 3895 a
1343 3838 1441 3914 prima
1455 3857 1545 3897 manu

212 3940 351 3998 videntur
365 3948 506 3999 exaratae
528 3957 607 4000 esse.
647 3940 684 3999 V.
703 3941 740 4000 15
763 3942 792 3999 in
816 3955 938 3998 cennas
961 3940 1017 3998 sub
1039 3939 1179 3998 litterae
1201 3939 1248 3996 vel
1272 3954 1293 3996 c
1315 3957 1420 3998 manus
1444 3949 1544 4016 poste-

212 4043 300 4100 rioris
324 4050 449 4119 apparet
472 4043 597 4118 antiqua
618 4059 634 4099 s
657 4043 703 4099 vel
728 4059 752 4100 s.
799 4041 835 4100 V.
853 4040 890 4099 23
914 4060 939 4099 m
962 4042 991 4099 in
1016 4058 1090 4100 tosto
1111 4041 1180 4100 olim
1210 4040 1268 4099 fuit
1289 4057 1339 4111 aa,
1365 4041 1543 4118 fueruntque

211 4144 329 4203 litterae
344 4163 398 4204 eae
414 4145 490 4203 duae
506 4145 535 4201 in
552 4145 700 4219 primitivo
716 4145 803 4202 titulo
825 4144 940 4222 primae
957 4145 1033 4202 duae
1054 4160 1158 4202 versus
1181 4142 1237 4214 sui,
1260 4161 1320 4220 qno
1343 4161 1432 4203 versu
1454 4153 1544 4219 caput

211 4265 321 4305 novum
336 4265 396 4305 non
412 4247 582 4323 incipiebat.
614 4233 767 4324 'Reliquae
783 4265 902 4323 quoque
918 4247 1033 4305 litterae
1050 4245 1180 4305 cuiusvis
1196 4246 1304 4320 capitis
1319 4245 1442 4323 primae,
1464 4247 1542 4305 scili·
1639 4303 1641 4307 .

215 4356 262 4407 cet
284 4349 372 4408 binae
395 4356 533 4407 ternasve
556 4349 670 4424 primae
693 4368 740 4407 vv.
767 4348 814 4407 18.
835 4347 884 4407 21.
909 4347 956 4407 25.
982 4348 1030 4407 28.
1054 4347 1104 4420 30,
1125 4357 1213 4406 extra
1236 4347 1354 4406 lituram
1377 4357 1456 4421 sunt,
1479 4349 1543 4409 sive

210 4461 418 4510 remanserunt
439 4471 478 4509 ex
501 4452 649 4527 scriptura
670 4450 832 4527 primitiva,
856 4451 930 4522 sive,
952 4451 983 4508 id
1005 4451 1085 4526 qnod
1108 4449 1294 4526 probabilius
1316 4459 1373 4523 est,
1396 4449 1543 4526 scriptura

209 4553 362 4630 primitiva
377 4572 442 4612 cum
458 4570 562 4611 versus
582 4553 706 4612 haberet
721 4552 908 4629 longitudine
923 4552 1065 4628 aequales
1082 4569 1195 4623 omnes,
1218 4552 1291 4610 haec
1306 4551 1415 4629 lapidis
1438 4571 1541 4630 margo

209 4663 271 4713 tum
287 4655 432 4712 remansit
446 4672 504 4712 non
522 4655 644 4732 scripta.
688 4654 827 4732 Denique
843 4674 870 4713 v.
888 4653 926 4714 26
944 4656 1041 4730 prima
1055 4671 1081 4728 ε,
1103 4654 1232 4713 sortasse
1255 4653 1343 4712 etiam
1360 4670 1489 4731 sequens
1511 4673 1541 4726 x,

210 4766 349 4834 superest
375 4775 413 4814 ex
442 4757 592 4833 scriptura
614 4757 774 4832 primitiva.
790 4790 828 4798 -
846 4756 968 4831 Duplex
990 4757 1063 4815 haec
1089 4756 1239 4833 scriptura
1260 4757 1291 4814 in
1313 4755 1417 4815 eadem
1439 4756 1543 4816 tabula

211 4868 243 4916 ut
265 4876 337 4916 sane
360 4858 502 4916 notabilis
524 4865 579 4930 est,
602 4858 643 4917 ita
664 4878 730 4917 meo
753 4859 862 4917 indicio
886 4869 995 4928 errant,
1025 4859 1075 4934 qui
1098 4865 1257 4936 propterea
1279 4857 1316 4916 de
1338 4857 1440 4918 fraude
1463 4860 1542 4936 cogi·

209 4970 281 5019 tant.
327 4958 416 5033 Quod
444 4960 520 5018 tituli
549 4979 621 5036 pars
647 4961 750 5037 aliqua
777 4979 795 5017 a
823 4979 911 5019 manu
939 4962 1059 5020 diversa
1083 4960 1228 5038 rescripta
1250 4967 1309 5032 est,
1337 4960 1540 5037 suspicionem

209 5081 269 5121 non
283 5069 398 5133 movet3
419 5062 511 5120 immo
526 5063 668 5140 antiquae
690 5063 796 5121 liturae
818 5063 914 5121 factae
937 5063 986 5122 vel
1007 5062 1045 5121 ob
1067 5079 1185 5121 errores
1207 5081 1226 5119 a
1247 5062 1438 5138 quadratario
1460 5080 1540 5120 com-

207 5164 318 5224 missos
332 5164 379 5223 vel
394 5165 432 5224 ob
455 5182 574 5225 cansam
590 5165 681 5224 aliam
697 5165 956 5240 supervenientem
979 5165 1093 5240 passim
1115 5165 1146 5224 in
1168 5163 1317 5242 lapidibus
1339 5163 1540 5236 inveniuntur,
