3510 5812
307 491 375 560 102

737 506 1038 557 rtootunnuxt't'ut
1067 506 1148 556 von.
1169 508 1197 556 II

480 609 838 616 -.——----.-———·-
984 610 1066 615 .—..-
1083 608 1273 615 --—.-———

301 684 337 740 de
353 702 424 739 cura
440 682 574 738 fanorum
591 700 628 737 ex
645 680 834 739 decurionum
851 681 989 739 consulto
1006 702 1022 737 a
1039 681 1262 755 magistratibus
1279 682 1438 755 quotannis
1455 684 1631 752 ordinanda,

300 785 417 859 dequo
440 783 571 841 diximus
594 804 622 859 p.
644 781 699 840 tta
724 783 824 858 ibique
847 783 1031 841 ostendimus
1053 783 1167 841 Romae
1191 801 1250 840 nou
1274 794 1305 840 ut
1326 781 1445 842 Ursone
1468 787 1631 859 quotannis

298 887 427 962 singulis
456 886 576 963 templis
603 896 755 943 curatores
785 886 915 944 delectos
938 903 1022 955 esse,
1051 886 1102 943 sed
1126 904 1226 943 curam
1250 903 1315 943 earu
1338 886 1475 962 collegiis
1498 889 1630 946 maxime

297 990 327 1046 in
350 1000 526 1066 perpetuum
550 988 736 1064 permissam.

187 1106 256 1154 (fura
382 1091 428 1149 De
456 1091 534 1148 ludis
561 1091 591 1147 in
619 1090 737 1148 colonia
759 1090 901 1148 faciendis
925 1111 991 1147 eum
1013 1098 1101 1149 antea
1122 1092 1200 1149 nacti
1224 1108 1360 1150 essemus
1382 1091 1483 1167 capita
1504 1112 1541 1152 ea
1563 1093 1629 1169 qui-

160 1188 279 1237 ¹¹¹¹¹⁰t¹¹1¹¹
297 1194 351 1251 bus
374 1195 470 1268 agitur
492 1193 528 1251 de
550 1193 626 1250 locis
649 1200 862 1269 spectatorum,
885 1192 999 1250 scilicet
1014 1190 1142 1252 CXXV.
1159 1190 1303 1251 CXXVI.
1320 1192 1485 1267 CXXVII,
1507 1197 1628 1271 quinam

296 1296 382 1354 ludos
401 1295 562 1353 edidissem
588 1305 709 1354 eatenus
732 1306 845 1353 tautum
869 1297 1044 1370 apparebat,
1065 1295 1143 1370 quod
1166 1316 1184 1353 a
1205 1299 1394 1357 curatoribus
1416 1300 1553 1358 fanorum
1575 1299 1630 1355 eir·

297 1417 401 1457 censes
430 1400 525 1456 factos
553 1416 619 1456 esse
648 1418 685 1456 ex
709 1417 733 1455 c,
750 1395 919 1456 CXXVIII
949 1398 1062 1471 (8.19)
1085 1397 1267 1457 intellectum
1291 1412 1351 1471 est,
1381 1402 1450 1459 item
1474 1401 1629 1459 scaenicos

295 1502 384 1559 ludos
411 1523 430 1558 a
456 1500 680 1576 magistratibus
710 1500 845 1559 coloniae
872 1502 1035 1575 quotannis
1063 1510 1184 1558 curatos
1211 1519 1278 1560 esse
1307 1523 1332 1561 c.
1361 1501 1495 1562 CXXVI
1522 1502 1628 1561 coufir-

295 1613 439 1671 nrarerat,
462 1622 526 1661 curu
549 1603 733 1661 coloniarum
750 1602 1036 1679 municipiorumque
1056 1605 1250 1681 magistratus
1265 1605 1377 1681 pariter
1392 1615 1481 1681 atque
1498 1606 1628 1662 urbanos

295 1706 454 1782 quotannis
488 1705 575 1764 ludos
608 1705 706 1764 facere
739 1705 910 1780 oportuisse
943 1706 972 1763 in
1007 1706 1177 1763 uuiversum
1208 1714 1297 1764 autea
1323 1726 1443 1784 quoque
1477 1713 1628 1766 constaret

185 1801 251 1851 Ludi
296 1807 524 1889 (Cod.·Tlre0d.
555 1809 601 1879 15,
625 1809 653 1875 4,
676 1807 716 1881 l).
761 1806 849 1865 Nuuc
878 1825 948 1865 vero
974 1825 1000 1864 c.
1027 1808 1104 1885 Iegis
1127 1807 1226 1866 LXX.
1249 1807 1354 1867 LXXI
1383 1809 1549 1880 edocemur,
1576 1809 1628 1884 qui

147 1884 279 2015 132011ῗέ
296 1911 487 1987 magistratus
510 1929 586 1987 quos
609 1910 696 1968 ludos
718 1910 879 1985 quotannis
901 1910 1057 1968 ediderint.
1102 1909 1223 1970 Scilicet
1245 1920 1278 1968 ut
1299 1911 1414 1970 Rornae
1436 1930 1471 1969 eo
1495 1922 1628 1987 temporo

174 1998 240 2098 'iiiii
275 1995 332 2071 'ex
354 2014 488 2088 patriciis
512 2013 736 2090 magistratibus
758 2022 913 2089 praetores
936 2022 965 2069 et
987 2012 1099 2070 aediles
1122 2013 1239 2072 curules
1262 2013 1348 2072 ludos
1371 2014 1507 2084 edebant,
1533 2015 1576 2071 ita
1598 2014 1627 2069 in

294 2116 412 2174 colonia
440 2125 500 2172 tarn
528 2115 663 2173 duoviris
691 2134 780 2191 spiram
808 2114 954 2173 aedilibus
981 2114 1058 2172 idem
1087 2134 1195 2173 munus
1224 2116 1387 2193 iniungitur
1420 2116 1626 2191 aequabiliter,

294 2218 406 2276 scilicet
428 2228 639 2294 quaternorum
661 2218 775 2275 dierunt
799 2222 934 2293 utrisque
957 2217 1122 2294 iisdemque
1152 2219 1295 2294 impensis
1323 2219 1360 2277 de
1389 2237 1443 2278 suo
1470 2218 1626 2289 faciendis,

294 2339 360 2377 eum
382 2321 497 2379 Romae
520 2332 620 2380 notum
644 2321 683 2378 sit
706 2320 816 2378 aediles
844 2320 936 2376 multo
964 2320 1030 2395 plus
1057 2321 1086 2377 in
1115 2320 1202 2378 ludos
1225 2321 1406 2398 Impendisse
1429 2340 1517 2398 quam
1541 2340 1625 2397 prae·

292 2434 382 2481 tores
427 2423 543 2497 Quibus
560 2423 664 2482 diebus
687 2422 749 2481 ludi
771 2422 899 2481 faciendi
922 2423 983 2481 siut
998 2443 1063 2481 cum
1088 2423 1152 2498 lege
1172 2443 1231 2481 non
1253 2424 1472 2495 determinetur,
1495 2424 1624 2482 fortasse

292 2526 350 2583 buc
371 2526 500 2600 pertinet
522 2526 600 2603 quod
629 2534 751 2584 cavetur
777 2545 802 2583 c.
824 2523 929 2582 LXIV
956 2525 1083 2602 singulis
1106 2527 1193 2585 anuis
1221 2526 1300 2584 intra
1320 2526 1349 2584 X
1372 2525 1437 2583 dies
1459 2536 1622 2602 postquam

292 2629 483 2706 magistratus
510 2631 630 2688 inierint
656 2629 848 2687 decurionum
876 2627 994 2685 decreto
1023 2628 1211 2686 statuendum
1239 2645 1317 2698 esse,
1343 2628 1394 2704 qui
1416 2637 1446 2699 et
1465 2635 1538 2704 quot
1559 2628 1624 2685 dies

292 2732 361 2789 l'esti
385 2751 418 2789 eo
443 2752 520 2790 anno
542 2733 634 2790 futuri
658 2732 725 2789 sint.
744 2765 780 2773 -
797 2730 917 2788 Novum
940 2740 1038 2788 autem
1061 2738 1116 2802 est,
1144 2731 1173 2789 ni
1195 2729 1293 2801 fallor,
1316 2731 1397 2806 quod
1420 2731 1486 2806 lege
1501 2740 1624 2788 caretur

290 2834 367 2892 diem
390 2834 528 2892 ludorum
552 2845 615 2892 tum
635 2834 753 2892 demum
774 2833 988 2891 numerandum
1013 2851 1089 2905 esse,
1113 2834 1137 2891 si
1161 2832 1221 2891 ludi
1243 2832 1313 2891 sacti
1336 2834 1397 2891 sint
1412 2832 1523 2890 maiore
1539 2840 1624 2909 parte.

290 2938 355 2993 eius
379 2936 429 3010 (cf.
447 2936 660 2994 Friedlaender
682 2938 761 3013 apud
783 2936 1022 3011 Marquardtiuur
1045 2937 1074 3005 4,
1090 2936 1160 2994 489.
1180 2935 1263 3011 506).

374 3039 423 3096 Ex
446 3050 512 3097 octo
534 3039 594 3097 11111
616 3039 721 3098 diebus
743 3047 883 3115 quattuor
905 3038 1042 3097 ludorum
1058 3037 1256 3097 duoviralium
1279 3048 1309 3095 et
1331 3055 1369 3094 ex
1391 3036 1537 3096 aediliciis
1561 3048 1622 3095 tres

290 3140 399 3198 dantur
421 3142 486 3199 Iovi
509 3140 614 3200 Iunoni
638 3142 789 3200 Minervae
818 3142 882 3200 deis
910 3141 1096 3217 deabusque3
1125 3142 1155 3199 bi
1183 3141 1273 3218 igitur
1299 3138 1363 3197 ludi
1386 3139 1540 3197 imitantur
1560 3138 1621 3197 Ro·

289 3260 404 3313 manos,
427 3262 607 3319 quamquam
626 3245 656 3301 iu
676 3244 723 3302 bis
739 3244 796 3302 tria
810 3244 934 3302 numina
949 3241 1121 3319 Capitolina
1136 3242 1202 3300 sola
1217 3249 1486 3300 commemorantur
1501 3239 1621 3315 (Cicero

289 3343 422 3415 Vernb,
440 3345 487 3416 14,
505 3345 558 3420 36)
580 3366 635 3405 nec
650 3346 730 3421 quod
753 3346 845 3404 sciam
869 3346 979 3404 mentio
994 3347 1028 3403 fit
1049 3345 1172 3403 deorum
1191 3346 1372 3420 dearumque
1392 3344 1423 3401 in
1437 3344 1527 3401 huius
1546 3342 1621 3419 legis

289 3465 313 3503 c.
330 3445 418 3503 LXX
437 3447 653 3506 adiunctorurn.
671 3481 708 3490 —
727 3446 861 3521 Quartus
877 3448 941 3505 dies
961 3447 1118 3506 aedilicius
1134 3447 1301 3505 destinatus
1317 3446 1428 3504 Veneri
1445 3445 1487 3521 (p.
1504 3444 1551 3516 ta,
1564 3443 1619 3519 93)

287 3547 421 3607 imitatur
442 3548 529 3607 ludos
552 3550 706 3609 institutos
729 3569 755 3608 a.
773 3550 832 3608 708
855 3549 971 3608 devicto
994 3548 1049 3608 Cn.
1065 3549 1221 3624 Pompeio,
1244 3549 1339 3607 dictos
1362 3547 1451 3605 modo
1467 3544 1620 3605 Victoriae

288 3646 428 3709 Caesaris
452 3650 513 3708 divi
536 3652 605 3722 1111,
626 3652 715 3710 modo
738 3650 866 3711 Veneris
888 3652 931 3727 (v.
953 3650 987 3711 C.
1010 3652 1033 3708 I.
1057 3651 1092 3708 L.
1111 3650 1169 3708 vol.
1189 3651 1202 3707 1
1227 3670 1256 3727 p.
1274 3650 1357 3725 397).
1402 3646 1490 3707 Unde
1512 3650 1620 3707 contir-

287 3762 386 3810 matur
407 3753 587 3823 coniectura,
613 3773 702 3830 quam
729 3754 800 3812 olim
823 3774 937 3813 mecum
966 3752 1196 3812 communIcavit
1218 3750 1290 3811 Otto
1312 3750 1494 3824 Hirschfeld,
1522 3752 1619 3827 ipsam

286 3854 436 3913 coloniam
452 3854 629 3914 Genetivam
653 3876 671 3914 a
693 3857 814 3915 numine
835 3855 932 3934 gentis
950 3855 1045 3914 Iuliae
1068 3855 1187 3913 tutelari
1205 3852 1321 3913 Venere
1342 3853 1493 3931 genetrice
1512 3872 1618 3912 nomen

288 3957 427 4016 traxisse.

141 4067 276 4132 Impensae
370 4059 449 4118 Ludi
466 4061 544 4119 sicut
559 4060 588 4118 in
604 4063 675 4120 urbe
692 4062 835 4137 impensis
851 4062 978 4138 publicis
994 4062 1078 4132 fiunt,
1102 4060 1150 4118 ubi
1166 4038 1392 4137 magistratibus
1407 4059 1438 4117 in
1453 4058 1542 4116 ludos
1557 4055 1618 4115 Ro·

151 4152 270 4201 ¹¹¹d⁰f¹¹m
286 4180 391 4219 manos
415 4163 453 4220 ad
473 4163 583 4221 bellurn
605 4183 697 4240 usqne
713 4164 858 4222 Punicum
878 4163 1038 4239 quotannis
1058 4184 1097 4221 ex
1111 4163 1227 4221 aerario
1245 4161 1464 4239 praebebantur
1483 4154 1617 4218 HSCC

150 4261 268 4325 publicae
287 4263 370 4321 milia
392 4284 544 4323 nummum
568 4266 711 4341 (Dionys.
734 4266 762 4335 7,
779 4267 832 4337 71;
856 4264 1143 4323 Pseudo-Asconius
1165 4283 1194 4339 p.
1213 4264 1271 4322 142
1295 4262 1416 4338 Orrll),
1436 4263 1479 4320 ita
1500 4260 1618 4319 colonia

284 4383 403 4442 quoquc
426 4365 559 4425 duoviris
582 4367 709 4445 singulis
732 4368 802 4425 bina
824 4367 916 4438 milia,
946 4366 1093 4424 aedilibus
1122 4365 1248 4442 singulis
1271 4363 1496 4441 singulamilia
1517 4381 1617 4420 annua

284 4468 436 4542 expendit,
459 4478 491 4525 ut
513 4469 542 4525 iu
566 4487 683 4528 sunnna
697 4470 816 4545 publice
833 4487 907 4527 sena
921 4467 1004 4526 milia
1019 4468 1180 4543 quotaqus
1196 4467 1226 4525 in
1241 4468 1329 4526 ludos
1346 4476 1516 4543 erogentur.
1555 4461 1617 4522 Sed

149 4576 265 4638 privatae
285 4586 352 4626 cum
374 4569 489 4627 Romae
512 4571 728 4629 consuetudine
757 4570 946 4640 obtinuisset,
974 4576 1006 4626 ut
1033 4569 1227 4646 magistratus
1250 4569 1301 4645 qui
1327 4567 1412 4627 ludos
1435 4567 1557 4625 ederent
1579 4564 1616 4622 de

244 4667 247 4672 ’
284 4687 337 4727 111
361 4670 427 4746 plus
456 4673 553 4730 minus
581 4674 619 4730 ad
647 4694 713 4732 earn
741 4690 888 4731 summanr
911 4670 1063 4740 adderent,
1089 4670 1139 4728 lex
1166 4669 1241 4728 haec
1262 4671 1457 4747 magistratus
1480 4667 1615 4727 coloniae

284 4771 420 4847 singulos
448 4793 505 4831 uon
533 4775 631 4832 miuus
658 4775 729 4833 bina
754 4772 837 4832 milia
858 4772 895 4830 de
922 4790 976 4831 sua
1001 4773 1127 4849 pecunia
1152 4773 1183 4829 in
1212 4771 1300 4830 ludos
1326 4771 1497 4847 impendere
1524 4769 1614 4840 iubet,

282 4891 337 4930 nec
366 4874 490 4932 dubium
517 4886 565 4934 est
593 4876 720 4934 similem
748 4876 844 4952 legem
866 4874 956 4932 etiam
978 4875 1008 4931 iu
1030 4873 1154 4949 reliquis
1175 4873 1302 4932 coloniis
1326 4873 1557 4949 municipiisque
1578 4871 1615 4927 de

281 4973 360 5033 ludis
382 4977 609 5055 magistratuum
625 4977 802 5050 obtinuisse,
825 4977 1066 5052 sacerdotesque,
1089 4994 1293 5053 quoscumque
1308 4994 1362 5052 pro
1377 4974 1503 5032 introitu
1525 4973 1614 5029 ludos

282 5075 369 5134 edere
393 5086 553 5155 oporteret,
578 5079 667 5137 simul
689 5090 799 5138 certum
822 5097 968 5138 summam
991 5078 1022 5135 in
1044 5094 1096 5135 eos
1119 5077 1208 5135 ludos
1230 5077 1399 5153 impendere
1419 5075 1521 5133 iussos
1536 5092 1613 5132 esse.

281 5176 369 5236 Unde
391 5181 449 5239 ianr
472 5180 583 5239 certius
606 5181 782 5259 pleniusque
798 5200 886 5257 quam
910 5185 998 5238 antea
1020 5178 1234 5256 intelleguntur
1255 5177 1333 5236 tituli
1356 5177 1540 5252 frequentes,
1562 5175 1613 5250 qui
