<?xml version="1.0" encoding="UTF-8"?>
<!DOCTYPE html PUBLIC "-//W3C//DTD XHTML 1.0 Transitional//EN"
    "http://www.w3.org/TR/xhtml1/DTD/xhtml1-transitional.dtd">
<html xmlns="http://www.w3.org/1999/xhtml" xml:lang="en" lang="en">
 <head>
  <title>
</title>
<meta http-equiv="Content-Type" content="text/html;charset=utf-8" />
  <meta name='ocr-system' content='tesseract 3.04.00' />
  <meta name='ocr-capabilities' content='ocr_page ocr_carea ocr_par ocr_line ocrx_word'/>
</head>
<body>
  <div class='ocr_page' id='page_1' title='image "./ephemerisepigra02instgoog_0042.png"; bbox 0 0 3510 5812; ppageno 0'>
   <div class='ocr_carea' id='block_1_1' title="bbox 403 2050 1134 2385">
    <p class='ocr_par' dir='ltr' id='par_1_1' title="bbox 403 2050 1134 2385">
     <span class='ocr_line' id='line_1_1' title="bbox 539 2050 997 2163; baseline 0 -2"><span class='ocrx_word' id='word_1_1' title='bbox 539 2050 997 2163; x_wconf 71' lang='lat' dir='ltr'>nobillimum</span> 
     </span>
     <span class='ocr_line' id='line_1_2' title="bbox 403 2293 1134 2385; baseline 0 -3"><span class='ocrx_word' id='word_1_2' title='bbox 403 2301 479 2382; x_wconf 81' lang='lat' dir='ltr'>An</span> <span class='ocrx_word' id='word_1_3' title='bbox 510 2293 770 2384; x_wconf 73' lang='lat' dir='ltr'>coarctus</span> <span class='ocrx_word' id='word_1_4' title='bbox 802 2301 1059 2385; x_wconf 59' lang='lat' dir='ltr'>vontinsn</span> <span class='ocrx_word' id='word_1_5' title='bbox 1088 2302 1134 2383; x_wconf 85' lang='lat'>11.</span> 
     </span>
    </p>
   </div>
   <div class='ocr_carea' id='block_1_2' title="bbox 103 2629 1436 3693">
    <p class='ocr_par' dir='ltr' id='par_1_2' title="bbox 103 2629 1436 3693">
     <span class='ocr_line' id='line_1_3' title="bbox 103 2629 1435 2773; baseline -0.002 -19"><span class='ocrx_word' id='word_1_6' title='bbox 103 2629 184 2754; x_wconf 89' lang='lat' dir='ltr'>De</span> <span class='ocrx_word' id='word_1_7' title='bbox 208 2695 299 2753; x_wconf 84' lang='lat' dir='ltr'>variis</span> <span class='ocrx_word' id='word_1_8' title='bbox 322 2696 468 2771; x_wconf 85' lang='lat' dir='ltr'>exemplis</span> <span class='ocrx_word' id='word_1_9' title='bbox 492 2696 626 2772; x_wconf 84' lang='lat' dir='ltr'>syllogac</span> <span class='ocrx_word' id='word_1_10' title='bbox 654 2696 807 2755; x_wconf 87' lang='lat' dir='ltr'>titulorum</span> <span class='ocrx_word' id='word_1_11' title='bbox 831 2696 1035 2773; x_wconf 84' lang='lat' dir='ltr'><strong>Hispanorum</strong></span> <span class='ocrx_word' id='word_1_12' title='bbox 1058 2704 1208 2766; x_wconf 75' lang='lat' dir='ltr'>uetustae,</span> <span class='ocrx_word' id='word_1_13' title='bbox 1236 2713 1326 2771; x_wconf 90' lang='lat' dir='ltr'>quam</span> <span class='ocrx_word' id='word_1_14' title='bbox 1349 2696 1435 2753; x_wconf 85' lang='lat' dir='ltr'>Anti·</span> 
     </span>
     <span class='ocr_line' id='line_1_4' title="bbox 103 2796 1436 2875; baseline 0.001 -20"><span class='ocrx_word' id='word_1_15' title='bbox 103 2800 153 2874; x_wconf 91' lang='lat' dir='ltr'>qui</span> <span class='ocrx_word' id='word_1_16' title='bbox 183 2799 247 2856; x_wconf 85' lang='lat' dir='ltr'>dixi</span> <span class='ocrx_word' id='word_1_17' title='bbox 274 2799 418 2874; x_wconf 89' lang='lat' dir='ltr'>cuiusque</span> <span class='ocrx_word' id='word_1_18' title='bbox 439 2817 534 2875; x_wconf 82' lang='lat' dir='ltr'>nuper</span> <span class='ocrx_word' id='word_1_19' title='bbox 561 2799 619 2856; x_wconf 92' lang='lat' dir='ltr'>duo</span> <span class='ocrx_word' id='word_1_20' title='bbox 646 2799 676 2856; x_wconf 92' lang='lat' dir='ltr'>in</span> <span class='ocrx_word' id='word_1_21' title='bbox 699 2799 793 2856; x_wconf 90' lang='lat' dir='ltr'>lucem</span> <span class='ocrx_word' id='word_1_22' title='bbox 821 2806 972 2875; x_wconf 85' lang='lat' dir='ltr'>protracta</span> <span class='ocrx_word' id='word_1_23' title='bbox 994 2807 1073 2869; x_wconf 84' lang='lat' dir='ltr'>aunt,</span> <span class='ocrx_word' id='word_1_24' title='bbox 1096 2817 1187 2873; x_wconf 90' lang='lat' dir='ltr'>supra</span> <span class='ocrx_word' id='word_1_25' title='bbox 1215 2796 1436 2872; x_wconf 87' lang='lat' dir='ltr'>Oldenbergius</span> 
     </span>
     <span class='ocr_line' id='line_1_5' title="bbox 103 2900 1434 2978; baseline 0.001 -22"><span class='ocrx_word' id='word_1_26' title='bbox 103 2902 178 2978; x_wconf 78' lang='lat' dir='ltr'>egit3</span> <span class='ocrx_word' id='word_1_27' title='bbox 211 2917 270 2957; x_wconf 88' lang='lat' dir='ltr'>non</span> <span class='ocrx_word' id='word_1_28' title='bbox 298 2900 403 2958; x_wconf 87' lang='lat' dir='ltr'>inutile</span> <span class='ocrx_word' id='word_1_29' title='bbox 430 2901 508 2958; x_wconf 90' lang='lat' dir='ltr'>enirn</span> <span class='ocrx_word' id='word_1_30' title='bbox 538 2901 635 2958; x_wconf 90' lang='lat' dir='ltr'>visum</span> <span class='ocrx_word' id='word_1_31' title='bbox 663 2910 719 2972; x_wconf 82' lang='lat' dir='ltr'>est,</span> <span class='ocrx_word' id='word_1_32' title='bbox 746 2918 822 2975; x_wconf 87' lang='lat' dir='ltr'>quac</span> <span class='ocrx_word' id='word_1_33' title='bbox 849 2921 887 2958; x_wconf 87' lang='lat' dir='ltr'>cx</span> <span class='ocrx_word' id='word_1_34' title='bbox 914 2902 981 2976; x_wconf 90' lang='lat' dir='ltr'>ipso</span> <span class='ocrx_word' id='word_1_35' title='bbox 1005 2900 1155 2958; x_wconf 90' lang='lat' dir='ltr'>volumine</span> <span class='ocrx_word' id='word_1_36' title='bbox 1178 2900 1298 2958; x_wconf 83' lang='lat' dir='ltr'>difficile</span> <span class='ocrx_word' id='word_1_37' title='bbox 1320 2910 1434 2958; x_wconf 88' lang='lat' dir='ltr'>tanturn</span> 
     </span>
     <span class='ocr_line' id='line_1_6' title="bbox 103 3002 1434 3080; baseline 0.002 -22"><span class='ocrx_word' id='word_1_38' title='bbox 103 3003 217 3061; x_wconf 82' lang='lat' dir='ltr'>erueris</span> <span class='ocrx_word' id='word_1_39' title='bbox 249 3003 336 3060; x_wconf 88' lang='lat' dir='ltr'>initia</span> <span class='ocrx_word' id='word_1_40' title='bbox 366 3003 453 3079; x_wconf 83' lang='lat' dir='ltr'>quasi</span> <span class='ocrx_word' id='word_1_41' title='bbox 485 3002 621 3078; x_wconf 82' lang='lat' dir='ltr'>syllogae</span> <span class='ocrx_word' id='word_1_42' title='bbox 650 3002 803 3080; x_wconf 83' lang='lat' dir='ltr'>Hispanae</span> <span class='ocrx_word' id='word_1_43' title='bbox 830 3003 1041 3079; x_wconf 82' lang='lat' dir='ltr'>epigraphicae</span> <span class='ocrx_word' id='word_1_44' title='bbox 1068 3003 1166 3061; x_wconf 89' lang='lat' dir='ltr'>denuo</span> <span class='ocrx_word' id='word_1_45' title='bbox 1193 3003 1363 3060; x_wconf 80' lang='lat' dir='ltr'>accuratius</span> <span class='ocrx_word' id='word_1_46' title='bbox 1389 3004 1434 3061; x_wconf 92' lang='lat' dir='ltr'>in-</span> 
     </span>
     <span class='ocr_line' id='line_1_7' title="bbox 104 3104 1434 3183; baseline 0 -21"><span class='ocrx_word' id='word_1_47' title='bbox 104 3105 250 3176; x_wconf 86' lang='lat' dir='ltr'>lustrare,</span> <span class='ocrx_word' id='word_1_48' title='bbox 272 3105 410 3180; x_wconf 87' lang='lat' dir='ltr'>quamvis</span> <span class='ocrx_word' id='word_1_49' title='bbox 433 3104 472 3162; x_wconf 91' lang='lat' dir='ltr'>ad</span> <span class='ocrx_word' id='word_1_50' title='bbox 494 3105 598 3162; x_wconf 89' lang='lat' dir='ltr'>titulos</span> <span class='ocrx_word' id='word_1_51' title='bbox 620 3105 705 3180; x_wconf 87' lang='lat' dir='ltr'>ipsos</span> <span class='ocrx_word' id='word_1_52' title='bbox 729 3106 775 3163; x_wconf 85' lang='lat' dir='ltr'>vel</span> <span class='ocrx_word' id='word_1_53' title='bbox 797 3105 949 3183; x_wconf 86' lang='lat' dir='ltr'>augendos</span> <span class='ocrx_word' id='word_1_54' title='bbox 971 3106 1017 3163; x_wconf 84' lang='lat' dir='ltr'>vel</span> <span class='ocrx_word' id='word_1_55' title='bbox 1041 3106 1148 3163; x_wconf 89' lang='lat' dir='ltr'>melius</span> <span class='ocrx_word' id='word_1_56' title='bbox 1169 3104 1313 3182; x_wconf 84' lang='lat' dir='ltr'>legendos</span> <span class='ocrx_word' id='word_1_57' title='bbox 1339 3105 1434 3180; x_wconf 86' lang='lat' dir='ltr'>frugis</span> 
     </span>
     <span class='ocr_line' id='line_1_8' title="bbox 103 3205 1435 3285; baseline -0.001 -21"><span class='ocrx_word' id='word_1_58' title='bbox 103 3206 172 3264; x_wconf 89' lang='lat' dir='ltr'>inde</span> <span class='ocrx_word' id='word_1_59' title='bbox 200 3226 295 3285; x_wconf 87' lang='lat' dir='ltr'>paene</span> <span class='ocrx_word' id='word_1_60' title='bbox 327 3207 400 3265; x_wconf 87' lang='lat' dir='ltr'>nihil</span> <span class='ocrx_word' id='word_1_61' title='bbox 423 3215 567 3284; x_wconf 88' lang='lat' dir='ltr'>appareat</span> <span class='ocrx_word' id='word_1_62' title='bbox 587 3206 764 3265; x_wconf 88' lang='lat' dir='ltr'>redundare.</span> <span class='ocrx_word' id='word_1_63' title='bbox 809 3206 893 3281; x_wconf 85' lang='lat' dir='ltr'>Quae</span> <span class='ocrx_word' id='word_1_64' title='bbox 916 3227 953 3266; x_wconf 87' lang='lat' dir='ltr'>ex</span> <span class='ocrx_word' id='word_1_65' title='bbox 976 3207 1093 3284; x_wconf 78' lang='lat' dir='ltr'>sylloge</span> <span class='ocrx_word' id='word_1_66' title='bbox 1115 3205 1332 3265; x_wconf 83' lang='lat' dir='ltr'>Filonardiana</span> <span class='ocrx_word' id='word_1_67' title='bbox 1357 3224 1435 3264; x_wconf 89' lang='lat' dir='ltr'>nova</span> 
     </span>
     <span class='ocr_line' id='line_1_9' title="bbox 103 3307 1434 3386; baseline -0.001 -20"><span class='ocrx_word' id='word_1_68' title='bbox 103 3320 293 3367; x_wconf 88' lang='lat' dir='ltr'>accesserunt</span> <span class='ocrx_word' id='word_1_69' title='bbox 319 3309 449 3367; x_wconf 86' lang='lat' dir='ltr'>frustula</span> <span class='ocrx_word' id='word_1_70' title='bbox 475 3309 619 3384; x_wconf 84' lang='lat' dir='ltr'>quaedam</span> <span class='ocrx_word' id='word_1_71' title='bbox 648 3328 708 3367; x_wconf 93' lang='lat' dir='ltr'>non</span> <span class='ocrx_word' id='word_1_72' title='bbox 736 3327 859 3386; x_wconf 88' lang='lat' dir='ltr'>prorsus</span> <span class='ocrx_word' id='word_1_73' title='bbox 886 3310 988 3368; x_wconf 89' lang='lat' dir='ltr'>inania</span> <span class='ocrx_word' id='word_1_74' title='bbox 1015 3309 1176 3368; x_wconf 88' lang='lat' dir='ltr'>inserenda</span> <span class='ocrx_word' id='word_1_75' title='bbox 1196 3307 1298 3367; x_wconf 84' lang='lat' dir='ltr'>curavi</span> <span class='ocrx_word' id='word_1_76' title='bbox 1321 3308 1434 3366; x_wconf 90' lang='lat' dir='ltr'>addita·</span> 
     </span>
     <span class='ocr_line' id='line_1_10' title="bbox 103 3410 1434 3490; baseline -0.002 -22"><span class='ocrx_word' id='word_1_77' title='bbox 103 3411 211 3469; x_wconf 85' lang='lat' dir='ltr'>mentis</span> <span class='ocrx_word' id='word_1_78' title='bbox 239 3411 335 3482; x_wconf 89' lang='lat' dir='ltr'>hisce;</span> <span class='ocrx_word' id='word_1_79' title='bbox 365 3429 420 3487; x_wconf 82' lang='lat' dir='ltr'>ego</span> <span class='ocrx_word' id='word_1_80' title='bbox 448 3411 525 3490; x_wconf 90' lang='lat' dir='ltr'>enim</span> <span class='ocrx_word' id='word_1_81' title='bbox 553 3430 629 3487; x_wconf 87' lang='lat' dir='ltr'>quae</span> <span class='ocrx_word' id='word_1_82' title='bbox 656 3431 752 3469; x_wconf 86' lang='lat' dir='ltr'>novae</span> <span class='ocrx_word' id='word_1_83' title='bbox 779 3430 832 3487; x_wconf 91' lang='lat' dir='ltr'>per</span> <span class='ocrx_word' id='word_1_84' title='bbox 857 3413 913 3470; x_wconf 91' lang='lat' dir='ltr'>hos</span> <span class='ocrx_word' id='word_1_85' title='bbox 941 3429 1036 3470; x_wconf 89' lang='lat' dir='ltr'>annos</span> <span class='ocrx_word' id='word_1_86' title='bbox 1064 3412 1101 3470; x_wconf 90' lang='lat' dir='ltr'>ab</span> <span class='ocrx_word' id='word_1_87' title='bbox 1130 3411 1232 3469; x_wconf 89' lang='lat' dir='ltr'>amicis</span> <span class='ocrx_word' id='word_1_88' title='bbox 1259 3410 1434 3486; x_wconf 84' lang='lat' dir='ltr'>plerumque</span> 
     </span>
     <span class='ocr_line' id='line_1_11' title="bbox 105 3513 1433 3592; baseline -0.002 -22"><span class='ocrx_word' id='word_1_89' title='bbox 105 3533 219 3571; x_wconf 89' lang='lat' dir='ltr'>mecum</span> <span class='ocrx_word' id='word_1_90' title='bbox 247 3515 483 3571; x_wconf 83' lang='lat' dir='ltr'>communicatae</span> <span class='ocrx_word' id='word_1_91' title='bbox 510 3524 581 3573; x_wconf 88' lang='lat' dir='ltr'>sunt</span> <span class='ocrx_word' id='word_1_92' title='bbox 607 3513 819 3591; x_wconf 82' lang='lat' dir='ltr'>inscriptiones</span> <span class='ocrx_word' id='word_1_93' title='bbox 843 3513 995 3592; x_wconf 89' lang='lat' dir='ltr'>Hispanae</span> <span class='ocrx_word' id='word_1_94' title='bbox 1028 3513 1283 3572; x_wconf 85' lang='lat' dir='ltr'>memorabiliores</span> <span class='ocrx_word' id='word_1_95' title='bbox 1310 3530 1433 3569; x_wconf 90' lang='lat' dir='ltr'>numero</span> 
     </span>
     <span class='ocr_line' id='line_1_12' title="bbox 104 3614 1380 3693; baseline -0.002 -21"><span class='ocrx_word' id='word_1_96' title='bbox 104 3616 172 3692; x_wconf 89' lang='lat' dir='ltr'>plus</span> <span class='ocrx_word' id='word_1_97' title='bbox 195 3616 294 3674; x_wconf 88' lang='lat' dir='ltr'>minus</span> <span class='ocrx_word' id='word_1_98' title='bbox 317 3616 542 3693; x_wconf 82' lang='lat' dir='ltr'>quinquaginta,</span> <span class='ocrx_word' id='word_1_99' title='bbox 566 3634 618 3675; x_wconf 85' lang='lat' dir='ltr'>eas</span> <span class='ocrx_word' id='word_1_100' title='bbox 641 3616 773 3675; x_wconf 90' lang='lat' dir='ltr'>locorum</span> <span class='ocrx_word' id='word_1_101' title='bbox 797 3617 901 3675; x_wconf 90' lang='lat' dir='ltr'>ordine</span> <span class='ocrx_word' id='word_1_102' title='bbox 923 3616 1086 3693; x_wconf 88' lang='lat' dir='ltr'>dispositas</span> <span class='ocrx_word' id='word_1_103' title='bbox 1108 3615 1186 3673; x_wconf 85' lang='lat' dir='ltr'>infra</span> <span class='ocrx_word' id='word_1_104' title='bbox 1208 3614 1380 3674; x_wconf 87' lang='lat' dir='ltr'>recensebo.</span> 
     </span>
    </p>
   </div>
   <div class='ocr_carea' id='block_1_3' title="bbox 103 3903 1434 4699">
    <p class='ocr_par' dir='ltr' id='par_1_3' title="bbox 103 3903 1434 4699">
     <span class='ocr_line' id='line_1_13' title="bbox 103 3903 1433 3983; baseline -0.002 -20"><span class='ocrx_word' id='word_1_105' title='bbox 103 3904 119 3963; x_wconf 87' lang='lat' dir='ltr'>l</span> <span class='ocrx_word' id='word_1_106' title='bbox 144 3906 213 3981; x_wconf 91' lang='lat' dir='ltr'>(ius.</span> <span class='ocrx_word' id='word_1_107' title='bbox 237 3914 306 3982; x_wconf 88' lang='lat' dir='ltr'>post</span> <span class='ocrx_word' id='word_1_108' title='bbox 327 3926 355 3964; x_wconf 91' lang='lat' dir='ltr'>n.</span> <span class='ocrx_word' id='word_1_109' title='bbox 372 3905 457 3980; x_wconf 77' lang='grc'><strong>995).</strong></span> <span class='ocrx_word' id='word_1_110' title='bbox 502 3906 631 3963; x_wconf 88' lang='lat' dir='ltr'>Parmae</span> <span class='ocrx_word' id='word_1_111' title='bbox 660 3906 691 3964; x_wconf 90' lang='lat' dir='ltr'>in</span> <span class='ocrx_word' id='word_1_112' title='bbox 717 3906 896 3965; x_wconf 84' lang='lat' dir='ltr'>bibliotheca</span> <span class='ocrx_word' id='word_1_113' title='bbox 922 3905 1005 3983; x_wconf 84' lang='lat' dir='ltr'>regia</span> <span class='ocrx_word' id='word_1_114' title='bbox 1026 3906 1215 3965; x_wconf 89' lang='lat' dir='ltr'>Bormannus</span> <span class='ocrx_word' id='word_1_115' title='bbox 1242 3906 1271 3963; x_wconf 90' lang='lat' dir='ltr'>iu</span> <span class='ocrx_word' id='word_1_116' title='bbox 1294 3903 1433 3982; x_wconf 87' lang='lat' dir='ltr'>exemplo</span> 
     </span>
     <span class='ocr_line' id='line_1_14' title="bbox 145 4007 1434 4085; baseline 0 -21"><span class='ocrx_word' id='word_1_117' title='bbox 145 4009 389 4083; x_wconf 84' lang='lat' dir='ltr'>epigrammatum</span> <span class='ocrx_word' id='word_1_118' title='bbox 423 4007 506 4065; x_wconf 89' lang='lat' dir='ltr'>urbis</span> <span class='ocrx_word' id='word_1_119' title='bbox 538 4007 652 4066; x_wconf 87' lang='lat' dir='ltr'>Romae</span> <span class='ocrx_word' id='word_1_120' title='bbox 679 4007 876 4066; x_wconf 86' lang='lat' dir='ltr'>aMazochio</span> <span class='ocrx_word' id='word_1_121' title='bbox 903 4010 1107 4085; x_wconf 88' lang='lat' dir='ltr'>inpressorum</span> <span class='ocrx_word' id='word_1_122' title='bbox 1135 4008 1177 4083; x_wconf 92' lang='lat' dir='ltr'>(n.</span> <span class='ocrx_word' id='word_1_123' title='bbox 1194 4007 1325 4083; x_wconf 79' lang='grc'><strong>99763),</strong></span> <span class='ocrx_word' id='word_1_124' title='bbox 1352 4009 1434 4083; x_wconf 89' lang='lat' dir='ltr'>quod</span> 
     </span>
     <span class='ocr_line' id='line_1_15' title="bbox 146 4109 1432 4188; baseline 0 -22"><span class='ocrx_word' id='word_1_125' title='bbox 146 4110 217 4167; x_wconf 91' lang='lat' dir='ltr'>olim</span> <span class='ocrx_word' id='word_1_126' title='bbox 240 4109 396 4168; x_wconf 89' lang='lat' dir='ltr'>Paciaudii</span> <span class='ocrx_word' id='word_1_127' title='bbox 419 4117 492 4181; x_wconf 87' lang='lat' dir='ltr'>erat,</span> <span class='ocrx_word' id='word_1_128' title='bbox 514 4116 633 4185; x_wconf 87' lang='lat' dir='ltr'>practer</span> <span class='ocrx_word' id='word_1_129' title='bbox 653 4110 779 4187; x_wconf 88' lang='lat' dir='ltr'>Antiqui</span> <span class='ocrx_word' id='word_1_130' title='bbox 802 4111 939 4188; x_wconf 85' lang='lat' dir='ltr'>syllogen</span> <span class='ocrx_word' id='word_1_131' title='bbox 960 4111 1135 4169; x_wconf 80' lang='lat' dir='ltr'>fasciculum</span> <span class='ocrx_word' id='word_1_132' title='bbox 1158 4110 1272 4168; x_wconf 87' lang='lat' dir='ltr'>invenit</span> <span class='ocrx_word' id='word_1_133' title='bbox 1293 4109 1432 4167; x_wconf 87' lang='lat' dir='ltr'>foliorum</span> 
     </span>
     <span class='ocr_line' id='line_1_16' title="bbox 145 4207 1431 4290; baseline 0.001 -23"><span class='ocrx_word' id='word_1_134' title='bbox 145 4221 287 4286; x_wconf 89' lang='lat' dir='ltr'>quattuor</span> <span class='ocrx_word' id='word_1_135' title='bbox 308 4212 351 4270; x_wconf 88' lang='lat' dir='ltr'>ita</span> <span class='ocrx_word' id='word_1_136' title='bbox 371 4212 549 4289; x_wconf 92' lang='lat' dir='ltr'>inscriptum</span> <span class='ocrx_word' id='word_1_137' title='bbox 570 4207 692 4272; x_wconf 80' lang='lat' dir='ltr'>‘trecate</span> <span class='ocrx_word' id='word_1_138' title='bbox 713 4217 743 4271; x_wconf 84' lang='lat' dir='ltr'>in</span> <span class='ocrx_word' id='word_1_139' title='bbox 765 4211 949 4290; x_wconf 77' lang='lat' dir='ltr'>Portopulb,</span> <span class='ocrx_word' id='word_1_140' title='bbox 977 4215 1024 4272; x_wconf 84' lang='lat' dir='ltr'>nel</span> <span class='ocrx_word' id='word_1_141' title='bbox 1052 4211 1131 4271; x_wconf 86' lang='grc'><strong>1768</strong></span> <span class='ocrx_word' id='word_1_142' title='bbox 1157 4213 1289 4269; x_wconf 76' lang='lat' dir='ltr'>inundate</span> <span class='ocrx_word' id='word_1_143' title='bbox 1307 4229 1362 4287; x_wconf 81' lang='lat' dir='ltr'>per</span> <span class='ocrx_word' id='word_1_144' title='bbox 1387 4230 1431 4268; x_wconf 86' lang='lat' dir='ltr'>or·</span> 
     </span>
     <span class='ocr_line' id='line_1_17' title="bbox 146 4310 1433 4390; baseline -0.001 -21"><span class='ocrx_word' id='word_1_145' title='bbox 146 4314 210 4371; x_wconf 84' lang='lat' dir='ltr'>dinc</span> <span class='ocrx_word' id='word_1_146' title='bbox 236 4314 283 4371; x_wconf 87' lang='lat' dir='ltr'>del</span> <span class='ocrx_word' id='word_1_147' title='bbox 304 4314 366 4390; x_wconf 77' lang='lat' dir='ltr'>Sip.</span> <span class='ocrx_word' id='word_1_148' title='bbox 394 4312 443 4371; x_wconf 82' lang='lat' dir='ltr'>Co.</span> <span class='ocrx_word' id='word_1_149' title='bbox 467 4314 500 4370; x_wconf 90' lang='lat' dir='ltr'>d&#39;</span> <span class='ocrx_word' id='word_1_150' title='bbox 530 4312 618 4388; x_wconf 83' lang='lat' dir='ltr'>Ocjra</span> <span class='ocrx_word' id='word_1_151' title='bbox 640 4315 672 4374; x_wconf 85' lang='lat' dir='ltr'>cl</span> <span class='ocrx_word' id='word_1_152' title='bbox 695 4314 729 4374; x_wconf 88' lang='lat' dir='ltr'>P.</span> <span class='ocrx_word' id='word_1_153' title='bbox 752 4310 916 4375; x_wconf 81' lang='lat' dir='ltr'>Paciuadi&#39;.</span> <span class='ocrx_word' id='word_1_154' title='bbox 967 4313 1075 4374; x_wconf 89' lang='lat' dir='ltr'>Comes</span> <span class='ocrx_word' id='word_1_155' title='bbox 1103 4313 1154 4372; x_wconf 92' lang='lat' dir='ltr'>ille</span> <span class='ocrx_word' id='word_1_156' title='bbox 1177 4313 1209 4371; x_wconf 87' lang='lat' dir='ltr'>d’</span> <span class='ocrx_word' id='word_1_157' title='bbox 1239 4311 1349 4388; x_wconf 75' lang='lat' dir='ltr'>Ocyras</span> <span class='ocrx_word' id='word_1_158' title='bbox 1377 4311 1433 4387; x_wconf 88' lang='lat' dir='ltr'>(ita</span> 
     </span>
     <span class='ocr_line' id='line_1_18' title="bbox 146 4415 1432 4495; baseline 0 -23"><span class='ocrx_word' id='word_1_159' title='bbox 146 4415 222 4472; x_wconf 88' lang='lat' dir='ltr'>enim</span> <span class='ocrx_word' id='word_1_160' title='bbox 247 4434 353 4473; x_wconf 90' lang='lat' dir='ltr'>nomen</span> <span class='ocrx_word' id='word_1_161' title='bbox 377 4416 442 4473; x_wconf 89' lang='lat' dir='ltr'>eius</span> <span class='ocrx_word' id='word_1_162' title='bbox 466 4416 620 4491; x_wconf 87' lang='lat' dir='ltr'>scribitur)</span> <span class='ocrx_word' id='word_1_163' title='bbox 642 4416 669 4475; x_wconf 90' lang='lat' dir='ltr'>is</span> <span class='ocrx_word' id='word_1_164' title='bbox 692 4429 747 4490; x_wconf 88' lang='lat' dir='ltr'>est,</span> <span class='ocrx_word' id='word_1_165' title='bbox 770 4420 820 4495; x_wconf 93' lang='lat' dir='ltr'>qui</span> <span class='ocrx_word' id='word_1_166' title='bbox 843 4418 912 4477; x_wconf 86' lang='lat' dir='ltr'>inde</span> <span class='ocrx_word' id='word_1_167' title='bbox 935 4418 972 4475; x_wconf 90' lang='lat' dir='ltr'>ab</span> <span class='ocrx_word' id='word_1_168' title='bbox 994 4436 1021 4475; x_wconf 90' lang='lat' dir='ltr'>a.</span> <span class='ocrx_word' id='word_1_169' title='bbox 1041 4416 1121 4474; x_wconf 96' lang='grc'><strong>1770</strong></span> <span class='ocrx_word' id='word_1_170' title='bbox 1143 4416 1275 4474; x_wconf 88' lang='lat' dir='ltr'>marchio</span> <span class='ocrx_word' id='word_1_171' title='bbox 1297 4416 1332 4474; x_wconf 86' lang='lat' dir='ltr'>de</span> <span class='ocrx_word' id='word_1_172' title='bbox 1351 4415 1432 4473; x_wconf 87' lang='lat' dir='ltr'>Pom·</span> 
     </span>
     <span class='ocr_line' id='line_1_19' title="bbox 146 4517 1432 4603; baseline 0.002 -31"><span class='ocrx_word' id='word_1_173' title='bbox 146 4517 309 4575; x_wconf 73' lang='lat' dir='ltr'>calfactus</span> <span class='ocrx_word' id='word_1_174' title='bbox 333 4517 463 4575; x_wconf 88' lang='lat' dir='ltr'>nominis</span> <span class='ocrx_word' id='word_1_175' title='bbox 484 4518 530 4576; x_wconf 88' lang='lat' dir='ltr'>sui</span> <span class='ocrx_word' id='word_1_176' title='bbox 551 4518 724 4576; x_wconf 88' lang='lat' dir='ltr'>memoriam</span> <span class='ocrx_word' id='word_1_177' title='bbox 745 4520 867 4603; x_wconf 80' lang='lat' dir='ltr'>reliquit</span> <span class='ocrx_word' id='word_1_178' title='bbox 887 4522 917 4579; x_wconf 92' lang='lat' dir='ltr'>in</span> <span class='ocrx_word' id='word_1_179' title='bbox 938 4520 1035 4596; x_wconf 88' lang='lat' dir='ltr'>patria</span> <span class='ocrx_word' id='word_1_180' title='bbox 1049 4529 1078 4575; x_wconf 85' lang='lat' dir='ltr'>ct</span> <span class='ocrx_word' id='word_1_181' title='bbox 1093 4528 1180 4576; x_wconf 83' lang='lat' dir='ltr'>extra</span> <span class='ocrx_word' id='word_1_182' title='bbox 1200 4518 1273 4574; x_wconf 88' lang='lat' dir='ltr'>fines</span> <span class='ocrx_word' id='word_1_183' title='bbox 1289 4517 1352 4575; x_wconf 89' lang='lat' dir='ltr'>eius</span> <span class='ocrx_word' id='word_1_184' title='bbox 1373 4517 1432 4575; x_wconf 88' lang='lat' dir='ltr'>cla·</span> 
     </span>
     <span class='ocr_line' id='line_1_20' title="bbox 145 4618 1432 4699; baseline 0.001 -23"><span class='ocrx_word' id='word_1_185' title='bbox 145 4639 218 4677; x_wconf 86' lang='lat' dir='ltr'>rum.</span> <span class='ocrx_word' id='word_1_186' title='bbox 254 4618 349 4677; x_wconf 89' lang='lat' dir='ltr'>Tituli</span> <span class='ocrx_word' id='word_1_187' title='bbox 365 4619 521 4678; x_wconf 87' lang='lat' dir='ltr'>duodecim</span> <span class='ocrx_word' id='word_1_188' title='bbox 539 4639 604 4678; x_wconf 92' lang='lat' dir='ltr'>cum</span> <span class='ocrx_word' id='word_1_189' title='bbox 621 4639 693 4679; x_wconf 92' lang='lat' dir='ltr'>cura</span> <span class='ocrx_word' id='word_1_190' title='bbox 714 4621 823 4699; x_wconf 87' lang='lat' dir='ltr'>depicti</span> <span class='ocrx_word' id='word_1_191' title='bbox 845 4623 907 4680; x_wconf 93' lang='lat' dir='ltr'>noti</span> <span class='ocrx_word' id='word_1_192' title='bbox 930 4631 999 4680; x_wconf 88' lang='lat' dir='ltr'>sunt</span> <span class='ocrx_word' id='word_1_193' title='bbox 1021 4637 1124 4680; x_wconf 85' lang='lat' dir='ltr'>omncs</span> <span class='ocrx_word' id='word_1_194' title='bbox 1149 4638 1207 4677; x_wconf 93' lang='lat' dir='ltr'>uno</span> <span class='ocrx_word' id='word_1_195' title='bbox 1231 4629 1354 4696; x_wconf 86' lang='lat' dir='ltr'>excepto</span> <span class='ocrx_word' id='word_1_196' title='bbox 1377 4620 1432 4677; x_wconf 88' lang='lat' dir='ltr'>boc</span> 
     </span>
    </p>
   </div>
   <div class='ocr_carea' id='block_1_4' title="bbox 585 4828 951 4975">
    <p class='ocr_par' dir='ltr' id='par_1_4' title="bbox 585 4828 951 4975">
     <span class='ocr_line' id='line_1_21' title="bbox 585 4828 951 4884; baseline 0.016 -20"><span class='ocrx_word' id='word_1_197' title='bbox 585 4828 638 4884; x_wconf 57' lang='grc' dir='ltr'>(μ</span> <span class='ocrx_word' id='word_1_198' title='bbox 656 4828 740 4871; x_wconf 81' lang='lat' dir='ltr'>lVL10</span> <span class='ocrx_word' id='word_1_199' title='bbox 756 4837 770 4867; x_wconf 81' lang='lat' dir='ltr'>c</span> <span class='ocrx_word' id='word_1_200' title='bbox 786 4829 870 4884; x_wconf 69' lang='lat' dir='ltr'>QeF</span> <span class='ocrx_word' id='word_1_201' title='bbox 894 4829 951 4872; x_wconf 76' lang='lat' dir='ltr'>Gnl.</span> 
     </span>
     <span class='ocr_line' id='line_1_22' title="bbox 691 4931 844 4975; baseline 0.007 -2"><span class='ocrx_word' id='word_1_202' title='bbox 691 4931 844 4975; x_wconf 74' lang='lat' dir='ltr'>SALVthO</span> 
     </span>
    </p>
   </div>
   <div class='ocr_carea' id='block_1_5' title="bbox 187 5101 1528 5178">
    <p class='ocr_par' dir='ltr' id='par_1_5' title="bbox 187 5101 1528 5178">
     <span class='ocr_line' id='line_1_23' title="bbox 187 5101 1528 5178; baseline 0.002 -19"><span class='ocrx_word' id='word_1_203' title='bbox 187 5101 281 5160; x_wconf 89' lang='lat' dir='ltr'>Tituli</span> <span class='ocrx_word' id='word_1_204' title='bbox 311 5103 433 5178; x_wconf 87' lang='lat' dir='ltr'>reliqui,</span> <span class='ocrx_word' id='word_1_205' title='bbox 460 5103 511 5178; x_wconf 88' lang='lat' dir='ltr'>qui</span> <span class='ocrx_word' id='word_1_206' title='bbox 539 5116 608 5162; x_wconf 87' lang='lat' dir='ltr'>suut</span> <span class='ocrx_word' id='word_1_207' title='bbox 634 5125 663 5163; x_wconf 88' lang='lat' dir='ltr'>n.</span> <span class='ocrx_word' id='word_1_208' title='bbox 682 5104 739 5163; x_wconf 88' lang='grc'>178</span> <span class='ocrx_word' id='word_1_209' title='bbox 770 5105 829 5164; x_wconf 86' lang='grc'>180</span> <span class='ocrx_word' id='word_1_210' title='bbox 860 5106 917 5163; x_wconf 92' lang='grc'>190</span> <span class='ocrx_word' id='word_1_211' title='bbox 949 5104 1004 5163; x_wconf 75' lang='grc'>199</span> <span class='ocrx_word' id='word_1_212' title='bbox 1035 5105 1091 5163; x_wconf 91' lang='grc'>194</span> <span class='ocrx_word' id='word_1_213' title='bbox 1123 5105 1180 5163; x_wconf 83' lang='lat'>195</span> <span class='ocrx_word' id='word_1_214' title='bbox 1207 5105 1263 5162; x_wconf 89' lang='grc'>198</span> <span class='ocrx_word' id='word_1_215' title='bbox 1289 5106 1346 5164; x_wconf 87' lang='grc'>199</span> <span class='ocrx_word' id='word_1_216' title='bbox 1371 5103 1430 5163; x_wconf 78' lang='grc'>297</span> <span class='ocrx_word' id='word_1_217' title='bbox 1525 5117 1528 5124; x_wconf 91' lang='grc'><strong>“</strong></span> 
     </span>
    </p>
   </div>
   <div class='ocr_carea' id='block_1_6' title="bbox 108 5202 811 5280">
    <p class='ocr_par' dir='ltr' id='par_1_6' title="bbox 108 5202 811 5280">
     <span class='ocr_line' id='line_1_24' title="bbox 108 5202 811 5280; baseline 0.006 -19"><span class='ocrx_word' id='word_1_218' title='bbox 108 5203 168 5261; x_wconf 74' lang='grc'>740</span> <span class='ocrx_word' id='word_1_219' title='bbox 192 5202 261 5276; x_wconf 78' lang='grc'><strong>945,</strong></span> <span class='ocrx_word' id='word_1_220' title='bbox 284 5205 424 5280; x_wconf 87' lang='lat' dir='ltr'>descripti</span> <span class='ocrx_word' id='word_1_221' title='bbox 447 5215 518 5263; x_wconf 89' lang='lat' dir='ltr'>suut</span> <span class='ocrx_word' id='word_1_222' title='bbox 540 5215 674 5265; x_wconf 87' lang='lat' dir='ltr'>accurate</span> <span class='ocrx_word' id='word_1_223' title='bbox 697 5223 811 5265; x_wconf 84' lang='lat' dir='ltr'>omncs.</span> 
     </span>
    </p>
   </div>
   <div class='ocr_carea' id='block_1_7' title="bbox 0 0 1760 5812">
    <p class='ocr_par' dir='ltr' id='par_1_7' title="bbox 0 0 1760 5812">
     <span class='ocr_line' id='line_1_25' title="bbox 0 0 1760 5812; baseline 0 0"><span class='ocrx_word' id='word_1_224' title='bbox 0 0 1760 5812; x_wconf 95' lang='lat' dir='ltr'> </span> 
     </span>
    </p>
   </div>
  </div>
 </body>
</html>
