3510 5812
906 477 1051 526 JORDAN

799 693 805 705 .
831 691 838 704 .
863 692 869 705 .
895 693 901 706 .
924 664 1007 705 ANVS

724 773 777 820 pert
798 767 873 809 aedera
895 764 1041 808 CASTORlS
1065 778 1071 793 ·
1095 764 1232 807 DECVlth

906 868 1033 910 1ΝΙΑΝΑΕ

893 968 1026 1012 „scaritos
1039 983 1045 996 ·
1059 970 1152 1012 VABER
1165 985 1172 998 ·
1185 971 1247 1011 ΛΚΕ

894 1072 924 1111 ad
944 1071 1131 1113 roRTVlthVltl

320 1263 398 1319 idem
433 1260 549 1317 monuit
581 1259 691 1334 optime
727 1259 799 1316 talia
831 1259 978 1334 quadrare
1001 1257 1154 1319 Smetiuno
1188 1261 1225 1319 de
1258 1260 1344 1318 titolo
1377 1260 1471 1316 altero
1494 1259 1652 1317 Vortumni

321 1363 500 1420 testimonio.
534 1362 632 1436 itaque
653 1361 760 1419 similis
777 1362 958 1418 monumenti
979 1361 1134 1437 inscriptio
1156 1371 1272 1437 reperta
1292 1371 1361 1438 post
1382 1361 1523 1435 templum
1545 1359 1654 1419 Casto-

321 1464 363 1521 ris
386 1474 454 1521 ante
469 1462 645 1538 quadratum
669 1462 741 1520 illud
764 1462 940 1532 aedificium,
962 1463 1043 1538 quod
1065 1482 1143 1521 nunc
1157 1481 1276 1538 quoque
1297 1481 1357 1537 quo
1377 1463 1495 1520 nomine
1517 1464 1558 1520 sit
1579 1481 1653 1520 nun·

322 1565 492 1642 cupandum
515 1564 674 1635 dubitatur,
699 1564 751 1621 illa
773 1571 870 1621 aetate
893 1564 979 1621 facile
1003 1582 1056 1638 pro
1077 1559 1288 1622 'dedicatione’
1310 1564 1414 1638 templi
1430 1564 1576 1622 venditari
1598 1582 1655 1640 po·

323 1668 389 1737 tuit,
412 1685 472 1724 non
488 1675 587 1742 potest
602 1666 695 1724 fuisse
710 1665 913 1725 consularium
937 1666 1197 1741 triumphaliumre
1220 1666 1364 1723 fastorum
1387 1666 1594 1741 fragmentum.
1611 1698 1653 1708 --

324 1779 391 1826 ante
420 1768 562 1844 templum
596 1768 706 1825 misera
737 1768 883 1842 quaedam
917 1768 1118 1844 inscriptionis
1146 1785 1326 1843 permagnus
1353 1768 1417 1825 sive
1445 1767 1579 1825 binarum
1607 1767 1653 1823 in·

324 1870 522 1946 scriptionum
544 1869 674 1928 frustula
696 1878 814 1944 reperta
836 1877 907 1927 suut
928 1869 991 1943 (64.
1009 1870 1077 1944 65);
1101 1889 1137 1928 ea
1152 1888 1189 1927 an
1210 1870 1270 1927 8181
1292 1868 1486 1927 dedicationis
1508 1868 1655 1943 reliquiae

328 1972 441 2043 dubito,
465 1972 502 2031 81.
524 1989 548 2029 8.
572 1970 614 2029 Il.

408 2073 522 2132 Eadem
551 2079 727 2147 tempestate
755 2073 826 2147 (1188
854 2081 899 2130 est
926 2080 994 2130 ante
1024 2094 1049 2129 a.
1078 2072 1170 2147 1495)
1197 2082 1274 2131 18818
1301 2069 1413 2131 Sabino
1441 2072 1518 2147 lapis
1540 2092 1569 2128 8.
1596 2071 1653 2128 109

325 2175 380 2232 sub
409 2195 478 2233 arcu
507 2174 609 2235 Severi
638 2184 774 2250 repertus
802 2185 849 2232 cst
875 2174 1070 2250 iacebantquc
1098 2185 1173 2232 testo
1199 2174 1334 2232 Iucunda
1362 2173 1557 2251 (Pighioque)
1593 2184 1655 2230 tres

326 2277 414 2335 bases
437 2277 519 2334 891
545 2277 653 2333 ibidem
677 2277 725 2334 ubi
749 2278 836 2334 bases
859 2277 1007 2351 virginum
1032 2276 1142 2333 Vestae
1165 2284 1300 2351 repertae
1323 2286 1401 2332 sunt.

411 2380 450 2436 A.
477 2379 554 2437 1509
582 2397 675 2455 prope
703 2378 844 2453 templum
867 2378 1048 2453 Vespasiani
1076 2377 1165 2435 8111118
1183 2395 1330 2435 marmora
1356 2396 1423 2434 cum
1446 2376 1550 2453 eisque
1573 2376 1656 2435 118818

330 2500 358 2538 8.
385 2480 443 2537 110
466 2480 575 2539 effossa
597 2487 652 2538 est.

412 2582 450 2640 A.
476 2581 554 2640 1539
578 2591 735 2659 praesente
757 2582 905 2640 Accursio
931 2583 971 2639 ud
993 2584 1066 2641 latus
1089 2600 1175 2641 arcas
1199 2582 1329 2656 Septimii
1351 2590 1416 2639 aute
1438 2582 1535 2638 cedent
1558 2578 1657 2655 Serpit

328 2693 354 2743 et
368 2684 481 2742 Bacchi
503 2684 615 2742 effossa
635 2685 718 2742 basis
734 2682 908 2742 Stilichonis
931 2704 959 2740 n.
978 2685 1050 2741 lll:
1073 2684 1109 2741 de
1131 2683 1197 2741 loco
1220 2683 1365 2742 ecclcsiae
1387 2682 1543 2741 dicendum
1567 2681 1655 2751 c.11;

329 2805 388 2843 non
410 2804 502 2862 posse
524 2804 589 2842 earn
613 2789 726 2860 perisse
749 2806 776 2842 a.
796 2785 884 2855 1536,
907 2804 983 2860 quae
1007 2785 1293 2860 18113888881818,
1317 2785 1373 2842 hoc
1395 2785 1463 2860 ipso
1478 2784 1654 2841 documento

328 2897 453 2946 constat.
497 2905 590 2962 quare
612 2906 690 2944 nunc
712 2886 910 2944 confidentius
933 2905 1021 2960 quam
1046 2887 1117 2944 olim
1140 2886 1232 2963 (Top.
1251 2886 1278 2957 2,
1295 2884 1424 2960 45188.)
1451 2904 1515 2942 8818
1538 2884 1588 2942 Ρ11
1610 2883 1655 2943 IV

328 3001 462 3066 tempore
484 2987 721 3063 (1559-1565)
745 2988 872 3045 dirutam
896 3005 964 3045 esse
986 2988 1122 3046 arbitror.

412 3092 493 3148 Ante
521 3110 547 3146 a.
574 3090 652 3147 1543
676 3108 734 3165 quo
756 3088 923 3147 Maelianus
949 3089 1072 3147 alteram
1095 3089 1327 3167 Topographiae
1353 3089 1513 3147 editionem
1540 3089 1658 3164 paravit

330 3193 382 3251 8115
404 3193 505 3267 templo
523 3190 699 3250 Concordiae
721 3191 825 3265 (immo
842 3188 978 3266 Saturni)
1002 3191 1213 3267 inscriptiones
1229 3191 1362 3267 epistylii
1378 3190 1499 3250 scholae
1514 3191 1657 3249 Xanthos

331 3294 424 3369 (8.3)
457 3293 600 3351 effossae:
635 3293 716 3367 quod
748 3293 860 3350 sactum
893 3309 962 3350 csse
989 3302 1057 3369 post
1083 3313 1110 3351 a.
1137 3293 1230 3364 1539,
1258 3311 1318 3368 quo
1347 3293 1445 3368 prima
1470 3292 1539 3351 libri
1565 3291 1656 3349 editio

331 3396 443 3454 emissa
475 3404 536 3465 est,
577 3393 699 3452 dixeris.
743 3402 821 3451 certe
847 3412 942 3469 neque
973 3395 1004 3453 in
1030 3395 1088 3453 hoc
1114 3395 1191 3453 libro
1221 3412 1317 3470 neque
1345 3394 1425 3469 apud
1454 3395 1492 3451 A.
1515 3393 1656 3452 Fulvium

332 3498 447 3556 aliosve
480 3497 530 3572 qrri
563 3505 632 3553 ante
665 3515 692 3552 a.
720 3496 797 3555 1553
832 3497 990 3572 scripsere,
1023 3498 1166 3555 memoria
1198 3497 1262 3555 eius
1296 3495 1468 3553 effossionis
1502 3502 1593 3552 extat.
1619 3528 1657 3536 -

331 3599 435 3656 eadem
457 3605 634 3673 tempestate
650 3629 689 3640 —
706 3598 845 3655 nimirum
867 3607 943 3657 teste
958 3598 1106 3656 Marliauo
1126 3602 1264 3673 proxinris
1286 3600 1370 3655 curris
1392 3609 1459 3653 ante
1482 3614 1509 3652 a.
1526 3595 1603 3653 1543
1616 3629 1658 3637 -

332 3719 425 3777 prope
453 3697 487 3757 S.
515 3697 702 3757 Laurentium
730 3702 759 3756 ia
781 3698 922 3758 tllr'raada
944 3710 1018 3759 teste
1047 3699 1186 3758 Fabricio
1213 3718 1285 3777 pars
1312 3697 1540 3774 inscriptionum
1569 3715 1658 3755 arcus

331 3801 458 3861 Fabiani
482 3800 576 3877 (92⁸)
599 3801 710 3859 effossa
732 3810 793 3858 est:
817 3821 844 3859 v.
868 3820 894 3859 8.
921 3802 1010 3860 1546.

415 3904 472 3960 Aa.
491 3902 579 3961 1546.
599 3902 676 3961 1547
692 3902 808 3961 feraces
822 3903 905 3961 fuere
920 3904 1070 3962 fructuum
1085 3903 1355 3981 epigraphicoram.
1378 3901 1516 3960 nimirum
1532 3920 1559 3959 a.
1579 3899 1657 3959 1546

333 4005 415 4082 (iude
437 4025 456 4062 a
477 4006 505 4063 d.
532 4006 568 4063 15
583 4004 715 4080 Augusti
738 4004 902 4063 secundum
916 4004 1085 4083 Ligarium)
1108 4017 1182 4065 teste
1199 4005 1318 4065 Metello
1336 4023 1430 4080 prope
1444 4012 1499 4061 tres
1514 4001 1659 4061 8818111888

332 4108 375 4182 (v.
398 4128 425 4165 n.
450 4107 504 4181 69)
530 4106 697 4181 fragmenta
723 4105 870 4164 fastorum
896 4108 1099 4165 consularium
1127 4116 1157 4164 et
1183 4105 1407 4183 triumphalium
1434 4114 1553 4181 reperta
1578 4112 1659 4176 8881,

331 4211 390 4267 1188
416 4216 462 4265 881
488 4208 571 4265 iuxta
599 4207 676 4264 latus
704 4206 896 4264 meridionale
925 4209 1028 4283 templi
1062 4206 1233 4277 Castorum,
1266 4208 1317 4265 nbi
1350 4207 1464 4283 reliqua
1497 4207 1662 4281 fragmenta

332 4316 450 4388 praeter
477 4309 662 4384 paucissima
683 4308 771 4366 88818
798 4308 874 4366 1817
889 4326 912 4365 8.
940 4308 1070 4368 187088.
1093 4318 1228 4367 extracta
1250 4320 1333 4367 sunt:
1363 4329 1389 4366 v.
1413 4308 1481 4366 adn.
1504 4309 1543 4365 ad
1564 4327 1593 4365 n.
1621 4308 1659 4366 69

333 4423 363 4471 81
383 4412 462 4469 infra
477 4429 501 4467 c.
518 4411 557 4467 11.
592 4411 735 4468 universa
756 4409 1034 4469 188118188181181188
1057 4411 1094 4468 ab
1110 4410 1254 4468 llenzeno
1277 4418 1336 4468 tam
1362 4410 1517 4486 diligenter
1539 4426 1660 4485 compo·

333 4514 391 4573 sita
418 4512 468 4570 vix
495 4522 527 4570 ut
553 4512 632 4587 quod
659 4511 752 4569 addas
781 4512 938 4570 inveneris.
963 4544 1001 4553 —
1023 4511 1103 4569 idem
1126 4512 1297 4569 observavit
1318 4510 1555 4569 eruderationem
1578 4509 1660 4569 illam

333 4617 371 4673 ab
395 4615 508 4672 ultimis
531 4634 558 4672 a.
584 4614 662 4673 1546
686 4614 840 4671 8188811188
864 4613 957 4671 videri
981 4614 1181 4671 continuatam
1204 4630 1271 4671 8888
1294 4630 1391 4689 usque
1412 4612 1451 4670 ad
1473 4612 1660 4670 81547.-

334 4716 438 4774 eodem
462 4734 540 4773 anno
565 4715 642 4773 1547
667 4715 784 4790 reliqua
805 4733 875 4792 pars
899 4714 1128 4791 inscriptionum
1151 4733 1239 4772 arcus
1255 4714 1384 4773 Fabiani
1406 4732 1498 4788 prope
1521 4713 1662 4789 templum

334 4817 498 4875 Faustinae
528 4817 650 4874 inventu
676 4827 724 4875 est
753 4817 803 4892 (cl.
826 4836 852 4875 a.
877 4816 979 4892 1543).
1028 4834 1128 4873 earum
1161 4834 1248 4873 unam
1277 4817 1308 4875 in
1329 4815 1530 4875 Maximorum
1559 4814 1662 4872 1181188

336 4918 483 4977 transisse
499 4918 638 4975 traditum
653 4926 714 4976 est:
731 4938 809 4977 81188
820 4917 975 4976 Lancianii
991 4917 1139 4975 industria
1154 4926 1339 4994 compertum
1356 4918 1500 4977 habemus
1512 4916 1663 4975 Maximus

337 5021 368 5077 in
391 5019 597 5077 eruderatione
619 5020 722 5095 templi
745 5020 919 5089 Faustinae,
942 5020 1026 5076 cuius
1048 5020 1159 5096 gradus
1182 5039 1198 5076 e
1220 5030 1300 5077 terra
1322 5029 1383 5077 tum
1406 5026 1573 5095 protractos
1596 5036 1664 5076 esse

336 5121 376 5178 ad
402 5121 564 5179 ornandam
592 5121 748 5180 basilicam
770 5122 948 5181 Vaticanum
976 5130 1038 5179 1818
1064 5121 1195 5180 maxime
1222 5122 1279 5181 sub
1308 5121 1480 5198 magisterio
1505 5119 1662 5179 Michaelis
