3510 5812
605 1215 787 1374 unsis
827 1259 1133 1374 sonorus

284 1460 448 1535 lVlrlAE
476 1460 759 1539 GENETIVAE
787 1463 1092 1539 VRBANORVM
1118 1462 1226 1539 slva
1254 1461 1457 1538 VRSONIS

678 1626 807 1676 nanas
821 1626 855 1675 A.
869 1628 902 1675 v.
916 1627 945 1676 c.
959 1625 1059 1677 ncox

637 1747 935 1813 FRAGMENTA
959 1745 1105 1813 NOVA.

511 1897 817 1948 snutrananrvu
837 1898 889 1947 an
910 1896 1084 1950 ooaroars
1104 1896 1183 1948 voa.
1199 1897 1235 1947 11.

207 2109 356 2258 Ineunte
378 2219 405 2258 a.
432 2200 510 2258 1874
534 2201 645 2276 publici
668 2202 742 2260 iuris
765 2203 844 2260 facta
866 2202 987 2262 suntin
1009 2202 1098 2260 huius
1120 2201 1318 2278 ephemeridis
1338 2201 1488 2261 volumine
1507 2202 1538 2260 Il

210 2300 398 2378 (p.105ss.)
421 2302 497 2379 legis
520 2302 655 2361 coloniae
671 2302 856 2363 Ursonensis
879 2305 1047 2380 fragmenta
1068 2304 1213 2379 inscripta
1235 2304 1345 2364 tabulis
1367 2306 1463 2364 aereis
1485 2304 1538 2362 tri·

207 2402 264 2462 bus
287 2404 448 2463 seeundum
472 2415 577 2482 ectypa
599 2407 753 2464 nobiscum
775 2405 939 2465 liberaliter
957 2408 1176 2465 communicata
1195 2409 1232 2464 ab
1248 2407 1431 2464 Immanuele
1451 2407 1538 2465 Ber·

207 2505 317 2581 langa
343 2516 372 2564 et
396 2507 554 2565 editionem
583 2508 715 2566 eiusdem
745 2508 798 2565 viri
826 2508 999 2567 doctissimi.
1051 2507 1136 2581 Quae
1165 2509 1196 2565 in
1223 2507 1351 2566 editione
1378 2517 1482 2567 nostra
1507 2510 1538 2566 in

210 2604 375 2666 Germania
402 2609 536 2685 principe
563 2610 663 2667 varias
686 2612 724 2667 ob
750 2628 859 2668 causas
890 2611 987 2669 minus
1018 2621 1095 2668 recte
1128 2609 1336 2667 administrata
1363 2621 1449 2668 erant
1478 2629 1539 2668 non

208 2710 305 2768 multa
332 2729 413 2782 sane,
441 2731 476 2769 ea
503 2712 606 2788 paullo
633 2723 701 2787 post
727 2721 861 2771 correcta
888 2720 958 2771 sunt
985 2713 1014 2769 in
1037 2722 1198 2771 retractata
1220 2711 1386 2770 tabularum
1409 2712 1540 2771 editione

209 2811 322 2870 inserta
336 2813 431 2870 eidem
448 2813 627 2889 ephemeridi
651 2815 694 2891 (p.
712 2812 768 2873 221
784 2815 850 2890 ss).
895 2815 1080 2873 Tabularum
1096 2815 1211 2873 illarum
1229 2815 1304 2872 duae
1318 2816 1435 2889 priores
1452 2833 1540 2873 uuam

209 2913 281 2970 olim
308 2913 468 2972 effecerant
495 2917 627 2991 quinque
656 2916 802 2976 columnis
830 2918 893 2976 sive
914 2918 1032 2994 paginis
1055 2917 1213 2994 scriptam3
1239 2916 1327 2974 tertia
1348 2916 1470 2974 alterius
1491 2935 1541 2974 cu-

208 3015 327 3073 iusdam
355 3035 425 3093 pars
452 3028 498 3075 est
524 3027 584 3075 tres
612 3026 726 3076 tantum
754 3020 881 3096 paginas
904 3019 1020 3096 priores
1043 3021 1211 3090 continens;
1238 3018 1371 3093 reliquae
1393 3017 1469 3076 duae
1491 3036 1542 3092 pe-

208 3118 331 3176 rierunt.
375 3119 423 3177 Ex
447 3122 578 3178 numeris
594 3122 736 3197 capitum,
759 3123 810 3197 qui
825 3122 969 3199 adscripti
987 3131 1057 3180 snut
1069 3121 1206 3198 partibus
1222 3119 1443 3196 superstitibus,
1465 3119 1542 3177 hanc

210 3225 303 3279 totius
326 3221 401 3298 legis
417 3241 525 3280 nonam
547 3222 609 3280 sere
632 3223 726 3282 fuisse
748 3223 888 3295 tabulam,
912 3224 994 3282 illam
1014 3225 1172 3299 septimam
1188 3242 1254 3280 cum
1269 3221 1478 3297 probabilitate
1493 3221 1544 3280 de-

210 3323 278 3381 duci
294 3324 408 3398 potuit;
430 3325 556 3399 periisse
571 3326 663 3401 igitur
678 3334 729 3384 ant
750 3327 844 3384 latere
859 3326 928 3385 inde
943 3342 1129 3403 consequens
1144 3332 1209 3383 erat
1224 3324 1341 3382 tabulas
1357 3341 1412 3382 sex
1427 3322 1543 3401 priores

210 3435 242 3484 et
256 3436 391 3484 octavam
414 3427 556 3504 integras,
581 3428 710 3486 sortasse
725 3429 882 3503 quinarum
898 3430 1074 3505 paginarum
1091 3446 1179 3487 unam
1196 3445 1355 3504 quamque,
1378 3443 1474 3484 nonae
1490 3444 1542 3502 pa·

211 3527 297 3604 ginas
320 3529 410 3598 duas;
433 3539 588 3604 praeterea
610 3538 679 3604 post
701 3550 808 3589 nonam
831 3531 976 3589 incertum
998 3531 1125 3589 aliarum
1146 3547 1311 3599 numerum,
1339 3527 1391 3586 sed
1413 3528 1544 3586 fortasse

210 3650 271 3689 uon
298 3649 448 3707 magnum.
493 3634 592 3706 Atque
621 3650 718 3690 nonae
744 3632 920 3709 particulam
949 3634 1093 3692 minorem
1121 3653 1181 3692 non
1208 3629 1334 3705 periisse
1361 3631 1415 3688 sed
1442 3640 1544 3690 extare

211 3732 307 3792 editor
329 3732 486 3809 Hispanus
510 3734 609 3792 statim
633 3734 803 3810 suspicatus
825 3744 884 3806 est3
911 3754 970 3792 non
1000 3735 1085 3792 illam
1107 3744 1231 3807 tantum,
1254 3734 1307 3792 sed
1330 3733 1446 3792 tabulas
1468 3734 1543 3790 inte·

212 3852 283 3912 gras
310 3836 479 3911 complures
507 3834 610 3912 (atque
632 3836 707 3893 adeo
734 3836 835 3912 plures
857 3853 947 3912 quam
969 3837 1090 3894 omnino
1116 3854 1247 3912 unquam
1273 3836 1364 3894 fuisse
1390 3832 1545 3910 probabile

213 3937 274 4013 est)
297 3947 431 4015 repertas
454 3956 522 3997 esse
543 3946 573 3994 et
594 3937 702 3995 callide
718 3937 805 3996 celari
829 3946 951 4013 propter
972 3939 1038 3995 auri
1061 3955 1178 3996 sacram
1200 3938 1308 3995 samem
1330 3938 1411 3995 fama
1433 3934 1547 3993 addidit

211 4041 289 4099 inter
311 4040 375 4098 eius
397 4040 535 4115 regiones
558 4040 692 4098 homines
715 4039 851 4114 inprimis
874 4058 971 4096 rerum
988 4058 1131 4098 novarum
1147 4048 1176 4098 et
1201 4038 1403 4096 inauditarnm
1424 4036 1543 4095 fertilis.

213 4139 292 4219 Spes
315 4151 413 4200 autem
435 4142 489 4199 illa
502 4141 671 4219 Berlangae
693 4141 729 4200 de
752 4141 956 4217 recuperanda
978 4159 1075 4199 nonae
1096 4140 1213 4199 tabulae
1237 4140 1386 4217 particula
1408 4156 1479 4197 sane
1502 4137 1545 4195 vi·

213 4244 299 4302 detur
313 4263 380 4301 eum
395 4243 556 4315 fefellisse3
580 4262 675 4319 usque
692 4262 762 4302 vero
776 4261 902 4319 prorsus
918 4244 1071 4301 mentitam
1087 4259 1155 4301 esse
1177 4243 1288 4300 famam
1303 4260 1373 4300 mox
1397 4239 1545 4318 apparuit.

212 4344 332 4403 Etenim
355 4352 498 4404 autumno
521 4364 548 4402 a.
567 4347 646 4404 1875
661 4346 845 4404 Franciscus
861 4345 1009 4404 Martinus
1032 4344 1154 4404 Ocaira
1175 4345 1250 4403 civis
1266 4344 1450 4403 Ursonensis
1472 4341 1546 4400 viris

212 4446 309 4505 doctis
337 4447 387 4524 qui
415 4448 526 4505 museis
553 4448 666 4506 nostris
687 4459 831 4524 praesunt
853 4448 996 4517 indicavit
1022 4447 1129 4505 litteris
1165 4446 1402 4518 humanissimis,
1425 4462 1546 4503 servare

213 4567 246 4608 se
279 4549 359 4607 domi
392 4549 511 4607 tabulas
549 4550 625 4608 duas
658 4550 696 4607 ad
734 4551 829 4627 legem
862 4548 1067 4608 Ursonensem
1101 4550 1284 4624 pertinentes
1317 4566 1442 4624 easque,
1479 4564 1545 4605 curn

213 4650 389 4727 desperaret
428 4650 464 4708 dc
501 4652 612 4726 pretio,
653 4653 741 4728 quale
777 4671 904 4728 aequum
947 4669 1015 4710 esse
1051 4652 1251 4722 existimaret,
1292 4651 1322 4708 in
1358 4649 1456 4725 patria
1492 4665 1548 4706 sua

212 4752 387 4819 obtinendo,
409 4753 488 4812 velle
502 4754 630 4812 vendere
645 4772 749 4813 museo
764 4754 952 4832 potissimum
968 4752 1165 4810 Berolinensi.
1207 4752 1257 4810 De
1271 4751 1337 4809 loco
1352 4769 1413 4825 quo
1428 4749 1548 4807 tabulae

213 4854 283 4912 illac
310 4874 407 4913 novae
428 4868 564 4931 repertae
587 4857 648 4914 sint
669 4866 699 4915 et
724 4866 823 4914 utrum
846 4875 941 4932 nuper
962 4854 1127 4931 prodierint
1149 4874 1187 4912 an
1210 4863 1299 4912 antea
1320 4853 1378 4910 iam
1403 4869 1546 4910 unacum

213 4956 275 5014 iam
301 4958 381 5015 notis
403 4957 499 5015 tribus
523 4956 618 5033 (quod
634 4976 707 5017 sane
729 4958 799 5016 licet
821 4954 982 5032 suspicari)
1006 4956 1128 5014 verbum
1150 4955 1201 5013 illc
1224 4974 1283 5013 non
1305 4953 1429 5012 addidit.
1472 4952 1550 5010 Post

213 5059 316 5117 varias
338 5058 442 5135 quales
464 5059 495 5117 in
510 5059 577 5118 eius
594 5059 674 5117 modi
691 5059 821 5136 negotiis
837 5059 935 5117 solent
952 5058 1086 5116 obtinere
1107 5058 1299 5115 tractationes
1322 5055 1404 5130 (nam
1421 5054 1548 5130 pretium

215 5159 353 5219 venditor
375 5169 516 5237 exegerat
538 5161 613 5219 satis
630 5161 784 5237 magnum)
807 5168 837 5219 et
858 5169 928 5238 post
949 5159 1030 5218 victa
1051 5158 1127 5217 alins
1146 5159 1264 5235 generis
1285 5155 1451 5226 obstacula,
1473 5173 1550 5233 qnae

217 5262 263 5319 rei
295 5261 334 5319 ad
373 5262 462 5321 linem
500 5262 705 5337 perducendae
741 5263 858 5338 utrique
896 5261 973 5339 parti
1010 5269 1145 5336 optatum
1177 5279 1291 5319 moram
1323 5258 1474 5316 faciebant
1508 5257 1552 5315 in·

1307 5359 1347 5418 70
