3510 5812
596 533 671 584 tax
696 533 863 586 nannum
888 529 1140 585 vrrsscuusrs.
1462 512 1530 581 167

208 728 302 786 supra
322 706 442 783 singula
455 707 582 783 periisse
604 725 671 764 cum
693 706 827 783 margine
843 706 950 765 dextro
974 712 1128 784 appareat,
1149 705 1179 763 iu
1202 705 1326 765 sinistro
1348 723 1533 762 verounum

208 793 325 868 tantum
347 809 442 869 fuisse
464 809 579 868 inferne
601 809 740 886 positum.

292 912 411 988 Ectypa
438 911 553 969 tabulae
580 913 736 970 chartacea
763 911 966 988 imaginesque
988 912 1211 989 photographas
1234 923 1354 987 sumptu
1377 909 1535 968 ministerii
1547 920 1674 971 Recensio

210 1015 284 1093 regii
300 1014 505 1092 Portugallici,
521 1014 601 1088 quod
615 1015 725 1072 cultum
742 1013 900 1090 studiaque
915 1014 1004 1087 fovet,
1021 1022 1051 1072 et
1065 1025 1128 1072 arte
1143 1014 1254 1072 eximia
1269 1013 1363 1070 lactas
1380 1013 1537 1087 Augustus

211 1115 444 1177 Soromenius
460 1115 693 1191 Olisiponensis,
713 1118 765 1192 qui
780 1116 911 1174 tabulam
927 1118 1022 1194 ipsam
1038 1118 1075 1174 ab
1090 1117 1212 1175 interitu
1228 1115 1398 1184 vindicavit,
1421 1133 1535 1172 mecum

211 1219 439 1278 communicavit
464 1218 655 1277 amicissime.
699 1217 782 1276 Idem
811 1220 970 1277 editionem
997 1220 1062 1276 eius
1090 1219 1206 1277 curavit
1232 1216 1427 1294 principcm¹)
1461 1234 1536 1274 usus

210 1323 255 1380 eis
278 1341 355 1398 quae
376 1339 432 1397 ego
455 1322 679 1379 subministravi
702 1322 928 1399 supplementis.

296 1425 364 1502 Ipse
391 1433 549 1500 postquam
577 1430 686 1499 ectypa
711 1424 812 1499 accepi
840 1434 922 1482 textu
953 1411 1066 1503 ¹scripto
1092 1424 1193 1482 addito
1215 1423 1307 1493 nullo,
1336 1423 1474 1480 continuo
1503 1440 1539 1477 ca

212 1527 357 1605 descripsi
390 1536 420 1583 et
452 1524 665 1584 communicavi
699 1544 765 1583 cum
793 1526 1021 1586 Mommseno.
1066 1527 1096 1585 Is
1123 1545 1183 1602 qua
1210 1536 1258 1584 est
1286 1534 1315 1582 et
1348 1525 1483 1582 doctrina
1510 1529 1539 1579 et

211 1630 347 1689 acumine
386 1646 463 1704 quae
507 1645 562 1703 ego
604 1645 819 1703 proposueram
864 1629 1074 1706 supplementa
1116 1630 1259 1706 pleraque
1302 1626 1470 1685 emendavit
1510 1633 1541 1681 et

213 1733 305 1802 auxit,
338 1750 377 1788 cx
408 1741 493 1805 parte
525 1729 690 1807 redarguit;
724 1749 801 1806 quae
834 1750 911 1789 nova
944 1732 1097 1791 invenerat
1129 1750 1188 1791 non
1221 1749 1318 1808 pauca
1350 1748 1405 1806 ego
1434 1727 1539 1785 deinde

214 1835 312 1892 denuo
334 1832 504 1890 examinavi
526 1832 652 1902 correxi,
674 1852 710 1890 cx
734 1843 818 1907 parte
833 1853 893 1892 nou
915 1835 1050 1911 probavi.
1086 1835 1135 1892 Ita
1156 1834 1270 1892 viribus
1292 1833 1402 1890 iunctis
1424 1839 1539 1889 textum

214 1956 273 1995 non
296 1945 407 1994 certum
430 1934 549 2010 quidem
578 1945 607 1992 et
635 1952 867 2012 usquequaque
894 1938 1091 2007 emendatum,
1118 1936 1170 1994 sed
1192 1936 1241 2011 qui
1263 1935 1322 2011 legi
1344 1935 1450 2009 edique
1473 1950 1541 2009 pos·

215 2050 262 2098 set
283 2038 500 2097 constituimus.
544 2036 658 2095 Tamen
687 2056 753 2095 cum
781 2038 895 2096 lubrica
920 2057 968 2096 res
996 2040 1083 2097 nobis
1106 2038 1258 2096 videretur
1279 2055 1334 2094 nec
1356 2055 1432 2112 quae
1453 2035 1541 2093 facile

215 2141 303 2200 unius
335 2140 498 2198 duorumve
529 2158 620 2216 opera
652 2149 758 2215 posset
790 2140 827 2196 ad
859 2141 1006 2216 liquidum
1033 2141 1164 2218 perduci,
1196 2139 1411 2197 communicavi
1440 2147 1541 2196 textus

216 2243 355 2320 exempla
390 2261 456 2300 cum
493 2242 610 2313 amicis,
648 2242 698 2317 qui
735 2241 810 2299 baec
846 2242 947 2301 studia
981 2243 1135 2301 nobiscum
1167 2242 1285 2313 fovent,
1316 2240 1541 2316 Bueclrelero

216 2344 602 2405 Buechsenschuetzio
622 2343 876 2403 Hirschfeldio
896 2344 1057 2404 «Iordane
1075 2345 1266 2421 Kruegero
1287 2342 1366 2402 aliis.
1403 2342 1444 2400 Hi
1466 2361 1541 2419 quae

215 2450 404 2508 coniecerunt
425 2446 678 2505 adnotaveruntve
699 2447 925 2522 promptissimo
948 2448 1092 2519 acumine,
1120 2449 1164 2506 eis
1194 2465 1268 2506 usus
1296 2464 1361 2503 sum
1388 2445 1542 2521 religiose3

215 2551 345 2628 plurima
370 2568 441 2607 vero
467 2558 496 2606 et
523 2548 696 2607 felicissime
722 2549 843 2606 inventa
874 2548 1056 2608 Buechelero
1085 2549 1237 2607 debentur.
1282 2549 1447 2624 Aliquanto
1474 2556 1544 2624 post

217 2655 334 2713 demum
356 2671 444 2728 quam
459 2651 517 2709 hoc
533 2651 641 2708 factum
659 2660 722 2709 erat
737 2648 932 2710 Soromenius
954 2653 1073 2710 tabulas
1089 2652 1312 2730 photographas
1336 2650 1543 2708 subministra·

218 2757 275 2825 vit;
301 2755 370 2813 inde
395 2754 528 2832 posticae
555 2752 689 2810 ultimam
718 2762 843 2828 partem,
869 2772 946 2829 quae
975 2755 1005 2812 in
1032 2755 1147 2832 ectypis
1175 2755 1227 2811 vix
1250 2753 1307 2830 legi
1335 2763 1460 2829 poterat,
1489 2752 1544 2809 ali-

217 2867 330 2935 quanto
352 2857 462 2915 certius
484 2874 574 2931 quam
598 2864 687 2912 antea
707 2855 792 2913 licuit
813 2857 1001 2915 constituere.
1046 2853 1203 2932 Scriptura
1217 2857 1297 2915 euim
1318 2856 1348 2913 in
1372 2855 1545 2912 universum

216 2969 280 3019 tam
302 2959 418 3018 auticae
439 2976 529 3032 quam
553 2959 686 3034 posticae
709 2958 849 3016 facillime
872 2959 995 3035 legitur3
1022 2959 1156 3035 posticae
1183 2969 1281 3017 autem
1311 2975 1417 3017 versus
1441 2956 1545 3033 viginti

218 3062 315 3120 ultimi
337 3082 356 3119 a
381 3060 504 3119 sinistra
529 3061 716 3137 potissimum
745 3061 883 3136 aerugine
910 3079 1015 3120 crassa
1041 3071 1118 3119 tecta
1143 3063 1173 3119 in
1200 3061 1314 3137 ectypis
1341 3061 1395 3118 vix
1421 3077 1546 3137 appare-

217 3166 299 3225 bant.
343 3163 479 3221 Tabulae
506 3170 605 3219 autem
632 3163 857 3239 photographae
883 3164 1039 3222 lectionem
1068 3183 1086 3221 a
1114 3162 1290 3224 Sovomenio
1316 3182 1355 3221 ex
1385 3164 1452 3240 ipso
1479 3181 1546 3220 aere

219 3268 357 3326 haustam
379 3265 466 3343 plene
489 3264 746 3322 confirmaverunt.

302 3367 441 3425 Exhibeo
471 3376 587 3425 textum
614 3367 740 3442 primum
767 3368 846 3426 sicut
872 3369 1001 3446 scriptus
1028 3375 1074 3427 est
1100 3369 1130 3425 in
1156 3379 1283 3445 utraque
1312 3365 1432 3426 tabulae
1461 3375 1546 3441 parte
1578 3380 1666 3431 Editio

219 3470 257 3530 ad
284 3480 394 3546 ectypa
420 3479 450 3526 et
474 3469 619 3544 imagines
646 3469 868 3548 plrotographas
894 3488 982 3546 quam
1011 3472 1235 3530 accuratissime
1261 3487 1447 3548 expressum.
1492 3467 1546 3528 Se·

220 3573 321 3650 quitur
347 3571 539 3648 transcriptio
567 3589 635 3628 cum
660 3570 876 3647 supplementis
903 3581 933 3632 et
960 3574 1151 3632 adnotatione
1177 3574 1281 3632 critica
1306 3573 1400 3643 brevi,
1429 3571 1461 3629 in
1489 3590 1549 3647 qua

221 3674 492 3750 utriusquepartis
515 3672 690 3749 scripturam
714 3675 757 3732 ita
779 3675 929 3746 coniunxi,
956 3684 989 3735 ut
1015 3677 1143 3752 quaein
1167 3676 1284 3754 postica
1305 3692 1425 3751 quoque
1446 3674 1548 3750 legun·

220 3786 271 3835 tor
290 3777 372 3836 linea
393 3775 538 3835 subducta
559 3775 770 3853 distinguerem
787 3794 985 3852 versuumque
1007 3778 1095 3835 etiam
1117 3778 1250 3853 posticae
1272 3794 1412 3834 numeros
1435 3775 1548 3833 adscri-

220 3880 333 3938 berem.
377 3874 593 3955 Supplementa
607 3895 683 3953 quae
702 3878 904 3937 Mommseuus
927 3879 1129 3955 suppeditavit
1150 3899 1170 3936 a
1190 3879 1265 3937 meis
1280 3877 1423 3954 distingui
1439 3876 1547 3947 noluit3

221 3980 345 4057 reliquis
366 3998 445 4056 quae
466 3980 618 4051 debemus,
642 3980 769 4057 singulis
786 3987 910 4055 accepta
931 3980 1063 4040 tulimus.
1108 3978 1247 4040 Ceterum
1263 3999 1345 4039 more
1367 3980 1456 4037 solito
1479 3997 1549 4055 sup·

222 4084 373 4161 plementa
393 4082 566 4141 lacunarum
581 4082 758 4140 exhibentur
780 4082 927 4158 scriptura
940 4102 1028 4158 quam
1050 4082 1176 4142 dicimus
1192 4083 1321 4153 cursiva,
1343 4080 1550 4158 supplementa

222 4183 463 4261 compendiorum
484 4194 635 4261 ponuntur
656 4185 736 4242 intra
757 4202 849 4243 uncos
871 4185 1026 4244 rotundos.
1070 4186 1107 4244 In
1129 4185 1342 4245 commentario
1364 4183 1463 4259 quoad
1486 4182 1550 4241 fieri

222 4287 308 4345 licuit
327 4286 485 4346 lectionem
508 4286 661 4362 explicare
682 4286 950 4365 supplementaque
971 4288 1128 4348 defendere
1151 4289 1280 4366 suscepi.

644 4491 735 4568 (Vide
757 4492 870 4553 tabulas
893 4497 973 4553 iacta
992 4495 1129 4571 positas.)

306 4695 399 4775 Legis
420 4697 509 4755 huius
532 4695 577 4772 (id
599 4697 678 4755 enim
700 4716 805 4756 nomon
828 4699 897 4776 ipsa
918 4700 977 4758 sibi
998 4699 1144 4776 vindicat)
1167 4700 1345 4776 scripturam
1369 4716 1550 4758 sermonem·

221 4818 282 4876 que
304 4800 430 4878 primum
454 4798 561 4876 quales
583 4799 643 4857 sint
665 4818 813 4876 exponam
835 4801 975 4861 breviter.

302 5039 325 5103 ¹)
361 5038 405 5091 La
429 5038 496 5092 table
520 5040 550 5091 de
576 5039 665 5092 breare
689 5035 851 5111 d'Aljastrel,
876 5051 985 5111 rapport
1009 5039 1112 5094 adress&
1134 5041 1152 5094 ὰ
1175 5041 1307 5094 Monsieur
1332 5043 1356 5095 le
1379 5041 1498 5095 Ministro
1521 5040 1552 5092 de

224 5126 371 5184 llattrt‘eur
390 5150 445 5202 par
469 5132 583 5200 Augusto
610 5131 771 5199 Soromenlo,
790 5135 938 5204 prosecaeur
957 5130 1090 5187 d'biatoire
1114 5129 1237 5188 dlicole
1256 5133 1399 5205 sopdrt'eure
1418 5136 1449 5188 de
1468 5136 1552 5186 lettres

224 5230 274 5275 etc.
293 5233 342 5277 etc.
380 5225 514 5293 Olisipone
537 5227 606 5277 1877
626 5224 679 5293 (pp.
702 5228 746 5291 12)
767 5231 791 5280 8.
812 5245 870 5280 cum
889 5230 983 5280 tabulis
1003 5244 1057 5280 sex.

1282 5422 1341 5482 12*
