3510 5812
357 508 430 581 256
949 525 1093 584 JORDAN

356 703 457 777 operis
481 711 631 762 structura
656 706 746 763 aetati
773 712 822 762 sat
847 704 958 763 receuti
986 704 1191 775 attribuenda;
1225 722 1322 779 neque
1355 723 1427 762 vero
1459 703 1601 781 intellego
1635 723 1694 762 cur

356 804 434 861 infra
455 802 642 864 Constantini
665 816 791 865 aetatem
814 807 997 866 detrudenda
1019 808 1068 864 sit.
1113 806 1165 865 sed
1192 807 1270 864 euim
1297 806 1382 883 prius
1404 806 1574 865 accuratius
1597 824 1692 881 quae·

357 907 480 964 rendum
510 917 574 965 erat
599 908 635 964 de
662 908 729 966 loco
756 927 816 984 quo
839 910 1017 985 Anonymus
1039 909 1126 967 basin
1149 908 1262 967 vidisse
1284 909 1430 966 videatur.
1474 918 1547 984 puto
1570 927 1616 966 me
1639 909 1692 965 de-

357 1010 570 1067 monstravisse
601 1018 672 1087 post
703 1011 848 1069 Rossium
880 1012 1064 1069 itinerarium
1101 1010 1310 1069 Einsiedlcnse
1342 1010 1421 1086 quod
1454 1010 1546 1068 lertur
1579 1011 1692 1069 itinera

355 1111 507 1168 continere
529 1113 559 1169 in
581 1113 678 1169 forma
699 1113 828 1188 quadam
850 1115 961 1171 saeculi
985 1114 1103 1189 septimi
1127 1112 1261 1170 octavire
1282 1112 1408 1188 depicta.
1445 1114 1519 1171 baec
1541 1113 1633 1188 igitur
1657 1113 1688 1169 in

355 1212 451 1271 lorma
472 1215 580 1271 itinera
601 1233 677 1290 quae
699 1214 819 1290 quidem
841 1214 928 1274 basin
951 1225 1075 1292 tangant
1101 1224 1268 1292 supersunt.

378 1414 395 1472 6
500 1417 528 1473 A
547 1429 637 1493 porta
658 1417 782 1478 Aurelia
804 1439 891 1496 usquc
913 1421 954 1477 ad
971 1431 1085 1495 portam
1108 1420 1325 1479 Praenestinam

587 1520 734 1597 (sinistra)

846 1745 901 1802 par
918 1735 1031 1801 pontem
1053 1729 1188 1784 maiorem

376 1824 393 1881 5
418 1822 451 1882 S.
467 1824 585 1902 Georgii
599 1826 642 1901 (in
656 1825 810 1902 Velabro),
827 1827 859 1886 S.
874 1827 970 1903 Serpit
1073 1828 1237 1900 Palatinus,
1259 1829 1300 1886 ad
1321 1826 1354 1885 S.
1380 1828 1558 1886 Theodoram

376 1926 393 1984 6
930 1949 986 2005 per
1007 1948 1104 1988 arcum

374 2027 392 2084 7
417 2028 598 2105 Capitolium,
621 2031 782 2089 umbilicum
1067 2031 1100 2091 S.
1124 2032 1227 2091 Maria
1248 2036 1369 2108 antiqua

375 2128 393 2186 8
867 2152 955 2209 equas
981 2131 1164 2194 Constantini

374 2231 392 2289 9
416 2232 449 2290 S.
472 2233 621 2294 Hadriani
1068 2236 1126 2295 SS.
1150 2236 1268 2296 Cosmus
1289 2247 1314 2295 at
1335 2235 1476 2295 Damiani

355 2335 393 2391 10
877 2341 979 2414 soram
1000 2357 1148 2398 romanam

354 2437 390 2493 ll
416 2434 449 2496 S.
468 2438 583 2514 Cyriaci
597 2449 624 2498 et
644 2441 766 2499 thermae
784 2438 964 2500 Constantini
1063 2443 1208 2518 palatium
1233 2441 1366 2511 Traiani,
1386 2440 1428 2498 ibi
1448 2440 1488 2499 ad
1506 2440 1627 2500 Vincula

351 2643 425 2700 nihil
447 2645 556 2702 mutavi
580 2645 638 2704 nisi
654 2648 735 2722 quod
758 2666 803 2706 vv.
820 2647 847 2704 4.
866 2647 893 2705 6.
911 2647 939 2706 8.
958 2647 996 2705 10
1018 2647 1133 2704 ratione
1155 2646 1212 2704 nisi
1234 2645 1325 2704 fallor
1345 2654 1392 2703 sat
1414 2644 1561 2720 probabili
1581 2645 1680 2703 medio

352 2747 450 2822 spatio
472 2748 594 2806 attribui
616 2749 745 2824 quaein
767 2749 868 2807 codice
897 2749 926 2805 in
953 2750 1032 2808 huuc
1054 2749 1173 2807 modurn
1195 2749 1274 2806 binis
1296 2747 1442 2805 columnis
1464 2746 1614 2824 discerpta
1636 2747 1679 2804 le-

350 2859 460 2925 guntur
481 2869 537 2925 per
560 2861 672 2924 pontem
688 2884 726 2894 —
741 2854 885 2921 maiorem,
910 2870 964 2926 per
990 2870 1025 2908 ar
1040 2883 1079 2892 —
1095 2871 1166 2920 carn,
1194 2869 1281 2926 equas
1308 2868 1360 2908 con
1376 2882 1414 2891 -
1431 2853 1558 2920 stanttni,
1578 2852 1679 2925 sorum

352 2968 437 3006 νο-
454 2971 575 3010 manum
619 2954 719 3028 itaque
745 2955 777 3010 in
799 2953 895 3011 forma
920 2953 978 3011 iter
999 2953 1119 3013 facienti
1142 2972 1160 3011 a
1184 2962 1272 3028 porta
1293 2949 1324 3013 S.
1347 2951 1500 3011 Pancratii
1523 2953 1561 3010 ad
1582 2952 1676 3010 Maio-

349 3069 411 3108 rem
434 3063 502 3127 post
523 3063 644 3129 pontem
667 3054 799 3131 Ruptum
822 3055 907 3130 (tunc
929 3056 1092 3132 integrum)
1115 3075 1133 3113 a
1159 3054 1281 3114 sinistra
1302 3055 1466 3114 Velabrum
1495 3062 1524 3112 et
1552 3053 1679 3113 ecclesia

351 3150 406 3211 SS.
430 3151 526 3230 Sergii
549 3155 713 3214 etBacchi
736 3157 774 3215 ad
801 3177 901 3216 arcum
925 3155 1038 3229 Severi,
1065 3175 1083 3213 a
1105 3158 1213 3216 dextra
1234 3157 1384 3217 Palatium
1407 3175 1474 3214 curn
1496 3155 1624 3214 ecclesia
1646 3152 1677 3214 S.

349 3253 497 3313 Theodori
520 3258 586 3328 fuit,
610 3259 677 3317 dein
692 3278 745 3333 per
760 3279 859 3319 arcum
876 3259 976 3318 nescio
991 3278 1078 3336 quem
1095 3258 1296 3336 progredienti
1317 3277 1336 3315 a
1357 3258 1478 3316 sinistra
1493 3256 1678 3333 Capitolium

349 3374 438 3434 super
460 3360 617 3419 ecclesiam
641 3359 673 3419 S.
697 3358 794 3440 Sergii
817 3382 835 3418 a
862 3363 968 3419 dextra
991 3360 1020 3422 S.
1045 3361 1141 3419 Maria
1166 3360 1300 3436 antiqua,
1327 3378 1404 3419 nuno
1427 3377 1519 3431 nova;
1547 3358 1589 3416 ibi
1611 3367 1678 3416 tau·

347 3458 426 3535 gitur
447 3480 542 3536 equus
564 3460 770 3533 Constantini3
800 3464 935 3539 sequitur
957 3462 988 3522 S.
1005 3462 1154 3520 Hadriani
1177 3482 1196 3520 s
1217 3463 1341 3520 sinistra
1362 3480 1381 3519 a
1402 3461 1507 3521 dextra
1529 3457 1584 3520 SS.
1601 3459 1678 3519 Cos·

346 3579 411 3618 mae
436 3569 466 3618 et
489 3562 629 3620 Damiani
657 3564 810 3641 templum,
837 3565 905 3622 dein
933 3565 1029 3622 lorum
1058 3582 1223 3623 romanum.
1266 3565 1340 3622 haec
1365 3563 1498 3640 intellegi
1525 3571 1677 3640 nequeunt

345 3661 404 3719 uisi
427 3663 541 3723 formae
563 3666 689 3742 liguram
711 3666 859 3725 eiusmodi
880 3666 1081 3743 redintegres:

918 3886 1105 3932 cat’ttouvrn

600 4052 645 4104 U
976 4058 1021 4103 Ε]
1374 4055 1417 4100 Ε]

532 4122 563 4185 8.
589 4124 712 4203 Georgii
919 4127 951 4188 S.
975 4126 1073 4205 Sergii
1279 4121 1311 4183 S.
1334 4124 1483 4182 Hadriani

343 4285 418 4332 ->
440 4282 516 4338 pons
538 4265 633 4321 maior
768 4284 857 4325 arcus
1062 4283 1157 4341 equus
1168 4262 1359 4322 Constantini
1373 4262 1488 4322 Fouvut
1500 4262 1672 4322 Rornanvtn

425 4420 593 4463 Palatinus
605 4401 636 4463 8.
650 4404 801 4463 Theodori
885 4403 916 4464 S.
928 4406 968 4463 M.
983 4406 1124 4481 antiquae
1188 4400 1244 4464 SS.
1257 4403 1386 4463 Cosmus
1398 4411 1427 4460 et
1438 4401 1581 4462 Damiaui

687 4500 715 4555 O
984 4501 1030 4555 Ξ
1361 4499 1389 4555 O

341 4675 372 4732 in
395 4678 491 4735 forma
512 4679 604 4757 igitur
624 4696 721 4755 equus
744 4676 933 4738 Constantini
955 4699 1022 4738 curn
1043 4679 1101 4737 lori
1124 4678 1240 4737 romani
1261 4679 1381 4737 nomine
1397 4678 1510 4737 videtur
1531 4677 1670 4736 extitisse

340 4776 417 4835 inter
440 4777 471 4838 S.
487 4779 674 4840 Hadrianum
698 4791 728 4838 et
744 4778 800 4842 SS.
817 4779 959 4841 Cosmum
982 4790 1012 4840 et
1035 4780 1215 4840 Damianum
1239 4781 1314 4839 satis
1337 4781 1437 4856 amplo
1459 4800 1478 4838 a
1498 4777 1554 4841 SS.
1571 4778 1670 4855 Sergii

341 4886 371 4934 et
397 4879 506 4939 Bacchi
535 4882 605 4955 (boo
634 4892 680 4941 est
705 4883 742 4941 ab
771 4902 842 4942 arcu
865 4882 981 4959 Severi)
1009 4883 1107 4959 spatio
1133 4883 1294 4960 dirempta:
1321 4881 1399 4941 unde
1427 4899 1535 4957 equum
1563 4893 1614 4939 aut
1635 4881 1666 4938 in

339 4982 437 5040 media
460 5001 530 5040 area
551 4984 606 5042 lori
629 4997 680 5043 aut
700 4986 778 5043 iuter
801 4984 832 5046 S.
848 4986 1036 5044 Hadrianum
1059 4995 1089 5044 et
1111 4983 1166 5047 SS.
1184 4984 1325 5044 Cosmum
1347 4994 1377 5042 et
1398 4984 1588 5055 Damianum,
1612 4983 1669 5040 boc

338 5093 474 5144 estante
496 5086 649 5146 basilicam
665 5088 823 5147 Aemiliam
845 5088 966 5148 stetisse
988 5087 1128 5147 conicias.
1172 5087 1298 5148 alterum
1320 5087 1376 5146 iter
1397 5086 1428 5146 in
1450 5087 1528 5145 huuc
1546 5086 1667 5145 modum

338 5186 500 5246 olibrario
523 5206 645 5266 pessum
668 5189 770 5249 datum
793 5202 847 5250 est.
