3510 5812
225 482 294 549 158
794 494 975 545 nocensne

221 598 681 609 --.-——--—--——.-...·
686 598 704 604 ..
721 597 797 604 ........
809 597 840 604 ....
1452 593 1545 600 ...—

218 673 250 729 iu
271 689 331 747 quo
353 671 485 728 rationes
501 669 678 728 decernendi
700 679 890 745 exponuntur
911 666 1086 744 praemissis
1110 667 1209 723 verbis
1228 669 1324 740 primo
1340 673 1463 722 censente
1485 663 1548 734 illo,

218 775 288 832 item
304 772 498 847 Aquileiense
514 773 571 828 rol.
589 771 616 827 V
637 792 664 828 n.
682 771 752 841 961,
774 772 820 829 cui
844 771 873 827 in
895 769 955 826 fine
976 768 1160 845 adscriptum
1183 776 1229 823 est
1248 765 1389 842 prirn(us)
1413 764 1548 840 cens(uit)

218 875 278 933 ille.
323 871 441 932 Similia
464 884 561 930 tamen
584 874 657 932 haec
673 875 767 950 magis
791 882 860 930 suut
875 890 964 948 quam
987 870 1080 947 paria,
1105 869 1279 944 videturque
1297 867 1379 942 quod
1404 885 1459 943 pro
1483 885 1548 925 sen·

218 977 311 1034 tentia
333 975 410 1032 dixit
431 976 456 1033 is
479 976 528 1051 qui
551 975 664 1052 primus
693 976 809 1033 censuit
833 976 864 1031 in
886 975 944 1031 hoc
970 971 1107 1031 consulto
1130 972 1313 1028 enuntiatum
1335 986 1403 1027 esse
1425 989 1479 1046 per
1502 987 1549 1026 ac-

217 1079 384 1136 cusatirum
420 1097 487 1135 cum
524 1078 669 1135 infinitivo
707 1077 881 1152 pendentem
915 1095 932 1132 a
965 1073 1081 1133 dicendi
1113 1073 1273 1144 rocabu103
1311 1090 1379 1129 narn
1413 1079 1547 1128 extrema

218 1181 376 1255 r.14seq.
401 1181 445 1238 sic
472 1180 531 1237 lere
559 1193 684 1256 apparet
711 1180 840 1236 formata
864 1178 959 1235 luisse
981 1196 1011 1234 se
1040 1180 1067 1233 in
1091 1175 1226 1233 relatione
1248 1193 1302 1232 sao
1320 1177 1419 1249 priore
1441 1175 1549 1231 dixisse

218 1281 376 1359 Kyziccnos
403 1301 436 1340 cc
458 1282 532 1338 Asia
559 1290 590 1338 nt
618 1300 712 1338 corum
735 1299 805 1355 quos
833 1299 899 1336 neos
926 1278 1079 1355 aqqrellont
1106 1296 1210 1352 corpus
1238 1279 1409 1335 auctoritate
1430 1275 1548 1351 amplic-

217 1388 282 1442 sinu'
308 1385 417 1441 ordinis
445 1383 620 1457 confirmetur
647 1387 707 1439 iure
733 1386 877 1457 requirere
904 1381 960 1437 sibi
984 1381 1083 1437 sideri.
1129 1381 1171 1436 At
1195 1380 1285 1455 plane
1311 1396 1421 1437 novum
1449 1377 1548 1436 estin

217 1484 362 1542 eiusmodi
385 1485 522 1555 decretis,
545 1485 623 1559 quod
646 1502 704 1559 quo
726 1485 793 1541 loco
816 1496 937 1541 senatus
960 1483 1037 1540 inter
1058 1482 1123 1540 eius
1147 1482 1205 1539 diei
1226 1498 1275 1538 res
1297 1489 1379 1539 aetas
1399 1480 1475 1538 hanc
1496 1498 1546 1556 pe-

217 1587 351 1645 titionem
381 1587 547 1662 expedierit
575 1587 745 1644 enuntiatur
776 1588 904 1661 itemque
934 1586 1061 1644 adicitur
1090 1594 1228 1659 quartum
1261 1583 1358 1640 locum
1388 1582 1416 1638 ei
1446 1581 1546 1639 datum

217 1706 285 1747 esse
313 1688 491 1746 concedente
519 1690 708 1765 imperatore.
753 1689 800 1745 Ita
821 1687 939 1745 tandem
973 1687 1135 1762 aliquando
1161 1686 1327 1742 illustratur
1349 1684 1429 1760 quod
1452 1684 1548 1741 adhuc

216 1791 305 1864 plane
326 1791 484 1848 obscurum
508 1791 565 1846 luit
587 1791 633 1846 ius
657 1791 771 1857 tertiae,
797 1799 930 1864 quartae,
958 1789 1080 1864 quintae
1101 1787 1255 1845 relationis
1279 1786 1451 1863 imperatori
1482 1803 1546 1859 per-

216 1893 350 1960 missum,
377 1892 493 1967 dequo
515 1891 579 1949 iure
598 1910 676 1966 quae
698 1892 777 1968 apud
800 1898 935 1949 auctores
959 1891 1147 1966 reperiuntur
1169 1889 1323 1965 composui
1346 1888 1376 1945 in
1398 1887 1472 1945 iuris
1494 1906 1548 1962 pu·

216 1993 286 2051 bliei
311 1992 403 2049 voli
427 2011 454 2067 p.
473 1993 543 2051 837.
593 1993 632 2051 Et
659 1995 713 2050 hoe
740 1993 859 2068 quidem
892 1992 966 2051 satis
992 1993 1034 2050 ibi
1064 1993 1137 2049 milri
1166 1992 1268 2049 videor
1294 1989 1549 2048 demonstravisse

216 2096 263 2152 ius
291 2094 445 2152 relationis
473 2114 532 2153 non
558 2081 740 2171 pertinuisse
768 2095 805 2152 ad
833 2096 1040 2170 imperatorem
1067 2092 1301 2171 praesidentem,
1334 2093 1388 2150 sed
1414 2109 1449 2148 eo
1477 2090 1546 2147 dato

216 2197 409 2254 constitutum
424 2214 501 2266 esse,
523 2196 596 2272 quid
611 2197 695 2255 lieret
716 2199 741 2254 si
757 2196 866 2256 absens
889 2197 954 2273 ipse
969 2198 1006 2254 de
1022 2196 1133 2272 scripto
1155 2195 1330 2254 relationem
1350 2195 1389 2253 ad
1411 2201 1547 2252 senatum

214 2298 338 2356 faceret:
362 2299 478 2356 scilicet
500 2298 529 2355 id
551 2318 618 2356 cum
641 2299 693 2355 alii
715 2299 902 2374 magistratui
925 2298 999 2356 nulli
1021 2298 1124 2356 liceret
1145 2298 1204 2372 ipsi
1227 2297 1269 2355 ita
1291 2297 1468 2373 permissum
1490 2303 1547 2366 est,

215 2413 247 2458 ut
273 2401 311 2458 ad
338 2410 450 2458 certum
479 2419 634 2459 numerum
661 2400 805 2458 eiusmodi
832 2400 992 2458 relationes
1019 2402 1046 2458 ei
1069 2400 1310 2459 concederentur.
1355 2397 1423 2456 Hoc
1449 2409 1548 2456 tamen

213 2501 407 2577 ignorabatur
428 2502 497 2560 item
521 2502 668 2560 adiectum
695 2519 761 2562 esse
783 2504 818 2560 de
840 2503 879 2562 iis
901 2503 1097 2561 relationibus
1119 2505 1156 2561 ad
1179 2522 1246 2561 eum
1273 2519 1368 2578 usque
1390 2519 1544 2559 numerum

216 2612 338 2663 utente
361 2605 492 2680 reliquas
516 2622 619 2663 omnes
643 2614 766 2664 senatus
789 2605 973 2677 decerneret3
997 2605 1115 2680 quade
1136 2623 1169 2661 re
1191 2604 1436 2680 postinrentum
1460 2621 1546 2661 sena·

215 2714 263 2763 tus
286 2707 455 2765 consultum
479 2704 660 2782 Cyzicenum
684 2708 741 2764 iam
765 2707 840 2764 satis
863 2714 990 2764 constat.

299 2805 419 2884 Septem
441 2817 533 2865 testes
556 2809 607 2883 qui
630 2808 819 2866 nominantur
842 2817 910 2865 sunt
932 2809 971 2864 hi.

301 2912 326 2965 l.
370 2909 415 2967 ll.
440 2909 540 2966 Aelius
567 2912 634 2984 imp.
662 2909 718 2967 Titi
738 2910 806 2966 Acii
832 2909 994 2984 [Hadriani
1020 2908 1173 2985 An]toaini
1190 2911 1218 2984 s.
1242 2909 1316 2984 Pop.
1338 2908 1474 2969 Aurelius
1494 2911 1544 2969 Ve-

214 3009 301 3085 [rue],
324 3011 439 3068 scilicet
460 3011 580 3068 Marcus
603 3008 717 3068 Caesar
738 3023 822 3086 patre
843 3012 913 3068 vivo
939 3010 1016 3067 inter
1037 3030 1064 3068 a.
1091 3008 1148 3068 138
1175 3020 1205 3069 et
1228 3010 1297 3069 161.
1340 3010 1545 3070 Patrocinium

215 3111 365 3187 quoddam
396 3109 613 3187 Cyzicenorum
647 3112 724 3188 apud
757 3130 824 3170 eum
857 3112 1036 3188 domumque
1069 3112 1133 3170 eius
1166 3113 1260 3171 fuisse
1291 3131 1351 3171 non
1385 3114 1449 3171 sine
1483 3119 1546 3175 veri

213 3213 313 3288 specie
335 3213 508 3286 conicietur,
531 3232 597 3271 eum
621 3223 773 3289 praeterea
795 3214 932 3271 laudetur
947 3214 1079 3272 eiusdem
1095 3214 1188 3272 Marci
1206 3215 1334 3292 Augusti
1357 3215 1426 3274 facti
1449 3219 1545 3277 oratio

214 3311 363 3389 Cyzicena
385 3313 515 3387 (Fronto
538 3315 576 3373 ad
592 3317 703 3373 Anton.
726 3334 772 3391 ep.
799 3313 859 3384 l‚2
883 3332 912 3390 p.
929 3315 967 3373 99
990 3315 1083 3390 Nab.)
1106 3325 1136 3373 et
1157 3326 1276 3392 praeter
1297 3318 1395 3393 ipsum
1411 3319 1543 3378 Marcum

213 3414 359 3490 patruelis
378 3425 457 3473 certe
473 3417 537 3474 eius
553 3418 670 3475 Annius
685 3416 774 3487 Libo,
794 3417 923 3475 sortasse
938 3417 1027 3475 etiam
1043 3418 1161 3475 Annius
1176 3416 1277 3477 Verus
1292 3419 1392 3476 nescio
1407 3421 1457 3496 qui
1473 3421 1543 3481 item

214 3516 316 3574 Marco
350 3517 494 3592 sanguine
520 3519 696 3576 coniunctus
728 3520 805 3576 inter
836 3526 927 3577 testes
961 3527 1082 3577 senatus
1109 3521 1239 3578 consulti
1266 3530 1487 3581 recenseantur.
1503 3557 1544 3568 -

213 3616 358 3676 Notanda
384 3628 431 3677 est
457 3621 565 3689 tribus,
593 3638 670 3694 quae
698 3630 730 3678 ut
756 3621 788 3678 in
814 3621 958 3680 senatorii
985 3621 1099 3680 ordinis
1127 3621 1200 3681 viris
1222 3623 1253 3680 in
1280 3623 1452 3682 uuiversum
1474 3644 1542 3683 raro

213 3721 396 3792 enuntiatur,
423 3722 466 3779 ita
492 3739 639 3796 nusquam
661 3732 817 3797 praeterea
837 3724 917 3799 quod
941 3728 1034 3782 seiam
1056 3725 1228 3799 imperatori
1250 3724 1394 3784 domusve
1415 3727 1543 3804 impera·

213 3823 308 3881 toriae
329 3822 446 3881 cuidam
468 3823 654 3894 attribuitur3
681 3824 730 3882 hic
755 3837 853 3884 autem
879 3827 977 3884 omitti
998 3844 1058 3884 non
1080 3826 1186 3901 potuit,
1212 3845 1280 3884 cum
1302 3828 1333 3884 in
1356 3829 1544 3888 senatoribus

213 3925 264 3999 qui
290 3925 448 3983 scribendo
477 3926 619 3984 adessent
646 3927 801 3984 sollemnis
828 3936 918 3987 esset.
961 3926 1073 3987 Tribus
1100 3947 1136 3986 ea
1162 3947 1228 3986 cum
1250 3928 1373 4003 Papiria
1400 3931 1448 4001 sit,
1473 3932 1543 3992 inde

212 4026 330 4085 videtur
350 4037 429 4084 recte
451 4027 555 4104 colligi
582 4027 725 4085 familiam
748 4029 980 4105 imperatoriam,
1007 4048 1045 4088 ex
1075 4048 1134 4106 qus
1156 4029 1276 4089 Marcus
1299 4031 1365 4102 luit,
1387 4033 1542 4091 oriundam

213 4146 278 4187 esse
300 4147 338 4186 ex
360 4128 521 4202 municipio
543 4128 645 4204 aliquo
668 4130 695 4186 ei
718 4130 806 4187 tribui
829 4130 994 4207 adseript03
1016 4131 1105 4207 idque
1120 4152 1189 4190 vere
1210 4132 1254 4190 ita
1274 4150 1307 4190 se
1329 4133 1427 4191 habet.
1464 4134 1544 4193 Nam

213 4230 353 4307 princeps
383 4229 446 4288 cius
472 4230 603 4289 familiae
630 4229 732 4288 Nerva
757 4231 815 4288 fuit
834 4231 910 4291 ciris
932 4231 1113 4292 Narniensis
1138 4233 1258 4309 (Victor
1278 4234 1350 4311 epit.
1376 4235 1444 4310 12);
1467 4235 1543 4294 Nar-

213 4331 331 4390 aienses
354 4341 453 4389 autem
477 4333 506 4389 in
528 4332 653 4409 Papiria
675 4331 752 4390 tribu
775 4331 867 4391 tuisse
889 4333 1016 4391 efficitur
1037 4354 1076 4392 ex
1098 4335 1184 4393 titulo
1206 4335 1343 4394 Henzeni
1364 4357 1393 4395 n.
1410 4336 1490 4397 5129
1514 4347 1544 4398 et

212 4433 355 4492 laterculo
371 4433 496 4492 militum
520 4434 700 4492 urbanorum
722 4454 818 4510 nuper
836 4445 954 4508 reperto
970 4435 1030 4493 vol.
1048 4434 1092 4492 Vl
1114 4454 1143 4492 n.
1160 4436 1251 4496 3884.
1268 4469 1306 4479 -
1323 4436 1441 4497 Deinde
1463 4450 1543 4499 recte

212 4536 271 4594 huc
292 4535 452 4595 referemus
474 4554 551 4610 quae
572 4535 757 4612 biographus
779 4536 874 4594 Marci
896 4555 921 4594 e.
940 4538 978 4594 10
1000 4550 1115 4596 narrat:
1138 4556 1247 4613 reaper
1265 4557 1327 4597 cani
1343 4545 1441 4615 potuit
1459 4545 1544 4602 iuter·

205 4638 268 4711 fuit
288 4642 408 4709 senatui,
431 4642 540 4696 etiarnsi
565 4639 640 4694 isitii
665 4639 940 4712 circumferendum,
963 4643 990 4695 ai
1011 4640 1119 4697 Rornae
1132 4641 1202 4714 suit,
1229 4644 1255 4698 si
1275 4660 1341 4699 earo
1364 4644 1478 4718 aliquid
1497 4663 1542 4703 rc·

206 4739 291 4812 serre
311 4738 409 4809 coiecit,
431 4744 515 4798 etiam
536 4741 571 4797 ds
594 4740 756 4815 Cbnrpanio
774 4743 837 4815 ipsc
854 4745 928 4799 ecrit
943 4783 950 4797 .
964 4782 991 4799 ..
1008 4760 1095 4817 neque
1117 4760 1250 4817 unquam
1266 4747 1382 4802 recessit
1395 4744 1429 4801 de
1450 4749 1542 4815 curio,

211 4843 270 4897 nisi
296 4840 396 4897 consui
416 4842 551 4900 dicisoet:
571 4839 655 4900 ‘niltil
681 4861 730 4900 oos
751 4860 904 4912 moramur,
928 4853 1030 4918 potres
1057 4839 1232 4920 conscripti,
1260 4845 1316 4903 etsi
1343 4845 1417 4904 haec
1444 4847 1542 4925 magis

213 4941 250 4999 de
281 4940 415 5018 principe
449 4959 537 5017 quam
570 4944 607 5001 de
633 4941 765 5002 Caesare
795 4944 906 5022 scripta
936 4963 1002 5004 esse
1032 4945 1180 5004 videntur.
1223 4945 1345 5005 Erravit
1373 4967 1420 5006 me
1445 4948 1543 5008 iudice

212 5041 368 5113 Perrotus,
391 5062 458 5100 cum
480 5043 537 5102 sibi
558 5047 709 5121 persuasit
730 5047 804 5104 haec
825 5047 916 5105 animi
938 5047 1037 5105 civilis
1060 5047 1236 5107 documenta
1255 5068 1315 5107 non
1336 5050 1472 5126 potuisse
1494 5052 1543 5109 edi

213 5162 232 5199 a
253 5144 355 5202 Marco
379 5145 436 5203 uisi
460 5146 490 5202 iu
512 5145 578 5220 ipsa
603 5147 806 5206 adulescentia
831 5157 861 5206 et
886 5158 1045 5226 propterea
1069 5149 1237 5208 consultum
1264 5151 1352 5208 refert
1381 5153 1419 5209 ad
1446 5171 1541 5211 annos
