3510 5812
381 552 549 604 sruuoou
576 551 865 639 mscamrronvu
892 552 976 603 rom
1002 552 1157 603 aonam.
1357 528 1429 598 139

104 725 327 785 demonstrasse
353 726 374 784 l.
397 744 438 796 0.,
471 727 599 785 hortos
628 747 681 802 per
710 735 802 784 totam
831 726 888 784 fori
915 745 1014 784 aream
1044 722 1223 802 pertinuisse
1251 721 1430 780 invenimus.

105 829 190 885 cuius
213 828 254 885 rei
278 828 364 886 testis
381 835 427 886 est
449 829 589 903 synopsis
606 829 794 903 praediorum
809 827 1057 886 Lateranensium
1073 847 1092 885 a
1105 808 1232 885 Nicolao
1247 822 1433 898 Frangipani

102 928 225 987 sedente
244 929 405 987 Bonifacio
428 929 505 987 VIII
531 928 777 1005 (itte-1303)
810 929 979 1006 conscripta
1005 929 1142 1004 editaque
1169 947 1188 985 a
1210 924 1432 985 crescimbenio

101 1031 131 1088 in
153 1030 231 1089 libro
253 1031 409 1107 inscripto,
430 1027 552 1089 ‘latoria
574 1031 652 1089 della
675 1031 776 1088 chiesa
798 1030 826 1087 di
852 1028 882 1089 S.
906 1029 1056 1089 Gioranni
1080 1030 1180 1088 avanti
1202 1038 1289 1104 porta
1310 1019 1431 1084 Latina'

102 1152 132 1210 p.
150 1131 208 1190 103
222 1151 275 1203 ss,
306 1151 364 1208 quo
392 1132 469 1190 libro
486 1132 599 1192 Rornae
620 1150 693 1191 usus
716 1150 782 1190 sum
805 1152 830 1188 a.
858 1131 934 1190 1871
960 1132 1051 1207 (nunc
1074 1132 1180 1190 iterum
1203 1131 1245 1187 uti
1269 1147 1327 1185 nou
1350 1125 1432 1201 licet)

103 1235 356 1292 commonefactus
372 1232 438 1292 aC.
456 1232 650 1292 Corvisierio.
686 1234 861 1310 transcripsi
878 1253 954 1309 quae
976 1234 1035 1293 huc
1056 1235 1225 1310 pertineant
1247 1232 1338 1289 verba
1359 1229 1434 1286 haec

103 1334 145 1410 (p.
163 1334 252 1410 107);
297 1338 326 1392 in
345 1338 450 1410 primis
473 1336 556 1393 babet
577 1338 650 1394 duas
673 1337 770 1393 domas
800 1339 836 1392 ia
856 1332 1433 1410 (00010091001000100010010000

101 1447 240 1496 cocuntur
264 1455 373 1495 camere
395 1455 456 1496 0000
482 1438 591 1495 daobaa
614 1442 761 1496 cataronis
787 1442 816 1494 ia
839 1437 940 1512 quibas
956 1439 1076 1511 sumant
1098 1439 1196 1494 0100000
1220 1446 1245 1493 01
1264 1435 1346 1491 modo
1369 1440 1434 1489 aaut

103 1543 173 1596 orti
193 1548 219 1596 et
240 1548 306 1596 sant
326 1543 432 1596 maroti
457 1557 579 1597 arcura
602 1543 680 1598 circa
700 1544 781 1597 iusta
804 1540 950 1597 ecclesiam
974 1537 1032 1597 SS.
1058 1538 1156 1597 Comae
1177 1549 1202 1596 et
1223 1537 1363 1594 Damiani

103 1645 167 1698 item
189 1642 244 1698 duo
267 1641 328 1698 alio
351 1658 491 1699 casareae
513 1643 610 1700 diruta
635 1646 664 1699 ia
687 1642 788 1716 quibas
810 1642 891 1698 modo
919 1645 1062 1698 contorti
1083 1659 1144 1698 mam
1171 1642 1290 1696 introitu
1311 1646 1339 1696 et
1360 1639 1435 1694 etita

104 1744 145 1799 ad
164 1746 230 1818 ipsa
248 1761 315 1817 par
336 1760 459 1799 aream
480 1744 520 1801 da
541 1746 622 1818 soce
642 1748 783 1819 inopina
805 1746 901 1800 iuncta
923 1741 1008 1799 simol
1031 1761 1091 1800 carn
1108 1745 1170 1818 ipso
1185 1759 1258 1799 arca
1272 1759 1345 1815 quae
1359 1757 1435 1795 auae

100 1855 185 1922 parret
199 1844 320 1902 Iacobus
334 1844 369 1901 de
383 1843 503 1918 Parque
519 1832 692 1919 qaorura'lrii
706 1855 771 1902 aaut
784 1845 873 1919 fiaes:
897 1843 932 1902 ab
954 1862 1009 1901 000
1032 1844 1121 1901 latere
1135 1842 1249 1901 ecclesie
1264 1840 1319 1900 SS.
1338 1840 1435 1899 Cosme

104 1957 130 2003 et
149 1947 298 2014 Bassiani,
321 1945 356 2003 ab
379 1946 506 2003 omnibus
530 1946 597 2002 aliia
621 1946 757 2004 lateribus
779 1956 845 2004 auat
866 1949 922 2003 orti
1016 1945 1057 2020 (p.
1075 1944 1167 2019 209):
1193 1948 1258 2002 item
1279 1961 1365 2000 anam
1387 1960 1434 1998 co·
1468 1964 1474 1977 ·

104 2066 236 2105 carenum
266 2049 296 2104 in
322 2064 377 2121 quo
404 2056 470 2105 aunt
497 2057 620 2123 quatuor
648 2048 766 2124 calupne
787 2051 816 2105 ia
839 2052 950 2123 rapidae
973 2045 1006 2105 S.
1030 2046 1159 2105 Adriani
1179 2065 1205 2104 e.
1227 2064 1255 2120 q.
1279 2061 1302 2101 s.
1326 2055 1356 2101 et
1377 2042 1434 2099 hae

104 2149 221 2225 quidem
245 2148 403 2206 columnae
425 2156 553 2225 possunt
574 2168 641 2208 esse
663 2150 783 2208 eaedem
807 2168 931 2224 quarum
958 2148 988 2205 in
1016 2150 1143 2224 regestis
1166 2145 1333 2206 Innocentii
1355 2144 1435 2202 tertii

105 2250 133 2322 1,
153 2249 275 2326 101’(ν.
292 2249 371 2327 Top.
388 2249 417 2321 1,
434 2249 509 2325 669)
532 2252 643 2308 mentio
666 2252 712 2309 fit:
747 2252 856 2309 bortum
880 2270 902 2308 a.
927 2249 1024 2324 Serpit
1044 2254 1103 2307 siva
1120 2259 1189 2326 post
1210 2269 1233 2307 a.
1257 2247 1389 2322 Serpium
1410 2255 1437 2303 et

106 2353 216 2409 bortum
237 2355 310 2409 inter
331 2352 475 2410 columnas
498 2353 647 2427 usquead
667 2353 815 2410 abscidam
835 2363 970 2428 erasque
991 2353 1031 2410 ad
1051 2354 1206 2409 custodiam
1221 2352 1433 2418 mamortinam

103 2454 189 2512 locus
213 2453 278 2512 aive
300 2453 399 2529 potius
422 2472 508 2511 orcas
530 2455 580 2529 qui
603 2453 710 2511 dititur
733 2457 802 2527 soce
824 2458 938 2529 inopina
960 2473 997 2511 an
1020 2474 1038 2510 a
1061 2455 1180 2512 nomine
1201 2455 1301 2513 Focac
1322 2455 1436 2513 colum·

104 2575 161 2614 nae
183 2556 247 2613 eius
268 2555 415 2629 inscripto
437 2555 566 2630 pendeat
591 2555 623 2612 id
645 2556 727 2630 quod
747 2556 844 2614 visum
868 2554 1051 2614 Corvisierio
1074 2557 1131 2613 hoc
1157 2556 1224 2613 loco
1246 2577 1307 2614 nou
1330 2556 1434 2614 diiudi-

104 2658 179 2716 cabo
201 2657 242 2731 (v.
266 2655 369 2714 Herm.
395 2657 423 2727 7,
440 2656 529 2731 tm:
556 2658 614 2715 hoc
637 2667 762 2732 apparet
790 2657 909 2715 saeculo
931 2657 1047 2715 decimo
1069 2659 1157 2715 tertio
1180 2677 1280 2715 aream
1306 2658 1365 2715 sori
1386 2676 1435 2714 ru·

106 2760 225 2819 deribus
241 2758 408 2834 omnigenis
431 2767 569 2835 terraque
589 2759 754 2817 advecticia
777 2768 941 2817 contectam
963 2760 1068 2817 fuisse.
1105 2759 1141 2817 ad
1165 2760 1268 2818 hortos
1290 2759 1359 2817 illos
1381 2759 1434 2816 ite·

104 2882 169 2919 rum
199 2861 323 2936 dIgitum
353 2860 541 2918 intendemus
571 2862 609 2918 ad
637 2879 682 2919 aa.
710 2861 787 2918 1553
802 2879 845 2937 sq.
871 2895 907 2903 —
933 2870 1087 2938 praeterea
1116 2869 1233 2919 constat
1253 2881 1289 2919 ea
1311 2871 1435 2936 tempes-

105 2974 164 3022 tate
186 2963 289 3037 templi
307 2961 492 3021 Concordiae
507 2983 652 3039 pronaum
668 2983 734 3021 cum
757 2965 949 3038 inscriptione
972 2964 1101 3033 stetIsse‚
1124 2964 1195 3021 item
1211 2981 1310 3020 arcum
1325 2963 1435 3021 Fabia-

107 3084 177 3122 num
199 3065 299 3122 eiusne
321 3071 436 3138 partem
459 3065 581 3123 stetisse
601 3066 723 3124 saeculo
748 3065 924 3123 duodecimo
948 3065 1009 3123 veri
1032 3065 1215 3123 simillimum
1238 3072 1294 3137 est,
1320 3066 1435 3142 perisse

107 3172 205 3223 autem
228 3164 330 3241 templi
348 3163 507 3223 Castorum
523 3186 667 3241 pronaum
685 3168 726 3241 (v.
743 3167 845 3242 infra).
863 3200 901 3209 —
919 3168 1047 3226 certiora
1069 3165 1227 3225 edocemur
1249 3174 1318 3240 post
1340 3177 1436 3225 trans-

104 3268 194 3325 latam
210 3269 361 3326 Avinione
384 3266 486 3325 sedem
501 3268 708 3343 apostolicam.
754 3277 872 3326 constat
886 3269 965 3326 enim
982 3267 1050 3326 inde
1066 3287 1085 3325 a
1100 3276 1231 3342 tempore
1247 3268 1375 3346 Eugenii
1390 3269 1436 3328 IV

106 3370 262 3444 pontifices
277 3371 426 3427 maximos
449 3369 546 3426 forum
569 3388 724 3426 romanum
747 3369 871 3444 eiusque
893 3369 1031 3427 viciniam
1054 3369 1172 3443 aliaque
1194 3370 1276 3428 urbis
1299 3370 1366 3428 loca
1386 3391 1435 3427 ru-

105 3470 227 3529 deribus
255 3473 387 3547 antiquis
415 3470 579 3546 conspicua
606 3480 657 3527 aut
682 3469 869 3528 eruderanda
895 3471 1012 3529 locasse
1039 3471 1210 3529 hominibus
1236 3473 1379 3546 privatIs,
1406 3473 1435 3529 iu

105 3574 209 3648 primis
232 3574 387 3648 opificibus
412 3573 625 3642 marmoraria,
654 3578 707 3628 aut
729 3576 812 3648 ipsos
840 3572 878 3629 ad
900 3571 1102 3631 extrahendos
1124 3572 1251 3648 lapides,
1273 3575 1382 3649 quibus
1404 3576 1436 3632 in

105 3674 365 3734 aedificationibus
389 3674 582 3733 ecclesiarum
606 3683 696 3748 atque
717 3673 897 3750 palatiorum
921 3683 1081 3746 uterentur,
1105 3685 1332 3751 pertemptasse.

185 3777 225 3834 Α.
245 3777 333 3835 1431.
359 3776 396 3833 ad
413 3775 540 3850 Eugenii
561 3773 764 3849 pontificatum
786 3775 935 3850 pertinent
947 3776 1038 3833 verba
1053 3776 1163 3833 decreti
1179 3795 1198 3833 a
1212 3776 1301 3834 Ferd.
1320 3776 1436 3853 Grego-

104 3877 189 3935 rovio
213 3876 295 3950 (hist.
319 3876 410 3936 UrbIs
434 3877 463 3949 7,
479 3874 553 3949 559)
582 3895 599 3933 0
624 3876 702 3933 libro
725 3895 743 3931 a
772 3894 818 3932 me
846 3893 904 3931 non
932 3877 997 3934 viso
1019 3876 1130 3933 Amatii
1160 3875 1204 3950 (di
1234 3877 1331 3935 alcuni
1361 3895 1435 3936 mss.

104 3977 173 4034 dell'
200 3978 333 4036 archivio
363 3985 480 4053 segreto
507 3976 576 4034 Vat.
599 3996 628 4052 p.
645 3975 720 4051 111)
750 3977 916 4052 exscripta,
947 3996 1096 4035 marmora
1123 3976 1277 4034 detrahere
1305 3979 1435 4038 iubentis

104 4181 227 4252 cacalia,
250 4199 308 4256 quo
332 4180 478 4239 vocabulo
500 4189 561 4238 tum
579 4178 610 4240 S.
627 4178 774 4237 Hadriani
797 4181 939 4256 templum
963 4181 1073 4239 dictum
1096 4199 1163 4240 esse
1185 4189 1288 4240 notum
1312 4192 1359 4240 est
1381 4183 1433 4258 (cs.

104 4278 151 4337 De
166 4281 259 4339 Rossi
281 4282 309 4340 10
331 4283 425 4359 prime
447 4282 576 4340 raccolte
598 4301 626 4358 p.
644 4281 710 4357 44).
754 4299 831 4357 quos
851 4301 952 4341 muros
967 4282 1019 4340 vix
1041 4281 1217 4342 crediderim
1242 4291 1321 4342 totos
1344 4303 1436 4360 supra

103 4390 214 4440 terram
242 4384 417 4456 eminuissc;
446 4383 536 4441 immo
564 4382 763 4442 eminentibus
789 4402 890 4442 eorum
919 4384 1074 4458 particulis
1102 4385 1175 4442 lucri
1202 4384 1373 4461 cupidinem
1398 4387 1436 4444 ad

104 4485 347 4558 perscrutandam
378 4486 543 4556 materiam,
572 4504 631 4560 qua
660 4485 719 4542 iam
745 4493 816 4542 tunc
845 4503 943 4542 aream
971 4485 1029 4542 fori
1051 4492 1215 4542 contectam
1245 4486 1338 4545 fuisse
1361 4487 1435 4560 dixi,

102 4586 265 4644 excitatam
288 4604 356 4646 esse
378 4596 408 4644 et
429 4605 476 4645 res
503 4587 571 4663 ipsa
592 4587 680 4643 docet
701 4594 731 4642 et
758 4587 937 4661 persuadent
960 4595 1102 4662 excerpta
1124 4606 1162 4643 ex
1185 4587 1294 4646 arabile
1315 4588 1434 4664 pontifi-

104 4686 158 4744 ciis
182 4706 276 4762 nuper
296 4688 434 4764 evulgata
455 4688 492 4745 ab
514 4689 552 4745 A.
569 4687 605 4745 de
621 4687 705 4744 Zabn
728 4686 808 4745 Bull.
832 4686 900 4745 dell’
919 4688 986 4746 inst.
1008 4688 1096 4758 1867,
1123 4687 1234 4746 18900.
1257 4699 1286 4746 01
1300 4689 1435 4749 Mdntzio

102 4788 204 4846 Revue
227 4790 307 4847 arch.
334 4788 412 4848 1876
435 4809 474 4847 m.
497 4787 580 4865 Sept.
604 4807 633 4864 p.
653 4788 708 4847 158
725 4806 749 4845 0.

185 4891 223 4947 A.
242 4890 330 4948 1451.
355 4889 471 4965 (Miiutz
493 4910 522 4967 p.
542 4889 631 4964 171):
666 4887 796 4947 080010
815 4890 924 4948 711000
947 4890 1031 4964 (11.0.
1049 4889 1081 4950 S.
1098 4889 1208 4967 Hadr.)
1231 4891 1301 4949 dove
1322 4896 1348 4950 ai
1368 4913 1436 4952 cono

103 4992 217 5050 chasati
238 4995 419 5066 ipeperipni
441 5011 454 5048 0
475 4995 588 5048 marari.

185 5091 439 5151 1114611461.
463 5092 516 5167 (11).
533 5112 562 5169 p.
582 5091 653 5167 171)
675 5092 793 5168 (eaeor)
809 5097 951 5151 tre—uertici
971 5113 990 5151 a
1012 5094 1041 5152 la
1062 5095 1162 5154 000010
1184 5096 1308 5168 vecchio,
1332 5107 1432 5155 trever·

114 5196 156 5250 ini
176 5213 195 5250 a
219 5192 304 5253 Santi
326 5194 423 5253 Cosme
445 5213 459 5252 0
480 5195 627 5252 Damione
650 5213 664 5250 a
687 5213 707 5252 a
730 5196 1026 5254 100000100000110.

1176 5399 1235 5458 17·
