3510 5812
397 523 561 575 5151555
588 522 879 575 15555151151115
904 524 988 576 som
1013 521 1171 576 aonam.
1371 505 1443 575 253

119 707 289 775 paratorum
312 714 474 771 eorumque
489 697 630 755 comitum
652 698 788 772 ruperint
809 717 843 756 55
859 699 1042 757 vexaverint.
1085 699 1195 774 quibus
1219 698 1255 756 de
1277 697 1365 756 rebus
1388 716 1446 755 non

119 811 252 877 repetam
278 818 354 875 5555
380 818 474 875 nuper
500 799 618 874 plenius
646 800 797 876 disputavi
824 799 1064 874 (Jahresbericht
1081 800 1159 859 1875
1181 819 1211 876 p.
1229 798 1341 858 726ss.
1367 799 1445 857 1876

121 922 149 977 p.
170 902 227 960 175
240 901 287 976 5.).
332 901 390 959 1515
416 902 569 976 quaerenti
607 901 680 958 mihi
713 902 891 978 quibusnam
925 904 1024 961 causis
1058 912 1226 978 utrumque,
1261 902 1449 960 aecumalata

120 1005 158 1061 ad
181 1022 281 1061 arcum
305 1001 407 1061 Severi
441 1010 633 1060 monumenta
659 1003 899 1080 551155555555
922 1015 970 1063 sat
991 1005 1115 1080 integra,
1149 1011 1327 1062 conservata
1349 1011 1447 1060 autem

45 1176 50 1192 Ι
119 1105 258 1180 exemplo
280 1123 376 1181 paene
398 1106 485 1163 unico
519 1104 629 1180 515155,
663 1105 852 1164 tribuendum
876 1107 925 1176 sit,
957 1107 1036 1164 ultro
1069 1106 1171 1164 oblata
1198 1116 1245 1164 est
1272 1105 1448 1163 difficillima

119 1226 177 1278 res,
198 1206 328 1282 regionis
351 1206 431 1263 illius
455 1206 522 1263 inde
544 1209 581 1266 ab
597 1215 703 1267 octavo
726 1208 848 1266 saeculo
871 1208 908 1265 ad
924 1208 1130 1265 duodecimum
1153 1208 1288 1266 historia.
1333 1207 1449 1265 scilicet

120 1317 258 1367 constare
280 1309 396 1367 videtur
428 1308 584 1366 ecclesium
608 1307 663 1368 SS.
688 1308 784 1386 Sergii
806 1321 836 1368 et
858 1308 969 1369 Bacchi
992 1310 1129 1367 viciniam
1163 1327 1251 1367 arcus
1284 1326 1447 1383 occupasse

120 1412 297 1485 hortumque
320 1411 385 1468 eius
407 1411 553 1468 ecclesiae
575 1412 754 1484 pertinuisse
787 1430 863 1487 pone
885 1413 1043 1470 ecclesiam
1074 1428 1166 1485 usque
1195 1411 1233 1467 ad
1255 1411 1447 1482 Marsorium3

121 1514 227 1572 deinde
260 1512 462 1570 demonstravi
491 1511 722 1589 Topographiae
749 1513 898 1571 volumine
930 1514 1024 1571 altero
1048 1513 1089 1589 (p.
1107 1512 1245 1587 453115
1268 1511 1448 1588 Hieronymi

121 1614 227 1674 Coclrii
250 1614 379 1689 imagine
401 1614 459 1671 1511
490 1609 677 1691 Ῥ155515515
700 1634 841 1673 15515555
863 1616 1049 1690 antiquitatis
1080 1610 1285 1673 monimentis’
1318 1634 1345 1671 5.
1370 1613 1446 1672 1551

121 1716 306 1793 Aotverpiae
328 1716 414 1774 551115
437 1716 549 1774 1555515
571 1715 644 1791 (tab.
673 1716 713 1791 T)
742 1718 820 1774 inter
849 1717 1016 1774 columnam
1040 1715 1139 1775 Focae
1168 1726 1197 1775 et
1220 1735 1321 1774 arcum
1344 1713 1450 1774 Severi

121 1838 293 1895 comparere
315 1819 472 1878 ecclesiam
495 1825 542 1876 sat
561 1835 709 1893 maguam,
732 1837 797 1876 cum
820 1820 895 1877 turri
917 1817 1085 1893 campanili,
1109 1828 1142 1876 ut
1163 1819 1253 1895 vulgo
1276 1817 1448 1894 loquuntur,

120 1922 178 1978 1155
199 1932 300 1978 55155
327 1922 394 1997 1555
426 1919 492 1977 1555
524 1938 583 1995 555
615 1916 792 1978 ‘rostrorum
814 1915 1010 1979 substructio’
1043 1918 1085 1994 (v.
1108 1921 1156 1996 fig.
1182 1919 1214 1994 2)
1237 1938 1302 1977 cum
1324 1919 1448 1977 basibus

121 2024 236 2099 aliquot
256 2042 273 2081 e
294 2022 451 2080 ruderibus
474 2021 571 2080 denuo
593 2032 787 2081 emerserunt.
832 2020 976 2080 coelium
997 2021 1163 2080 delineasse
1185 2022 1351 2079 aedificium
1373 2018 1449 2077 illud

123 2125 213 2182 animi
237 2141 330 2183 causa
351 2133 404 2182 aut
434 2124 500 2181 loco
523 2124 621 2182 alieno
644 2124 696 2181 vix
717 2125 876 2200 quisquam
899 2124 950 2199 qui
976 2124 1135 2199 imaginem
1168 2123 1251 2181 illam
1274 2133 1449 2198 ceterasque

123 2227 223 2302 operis
246 2226 380 2301 primarii
402 2226 618 2284 examinaverit
639 2225 765 2302 putabit.
810 2235 862 2282 aut
894 2226 986 2303 igitur
1009 2224 1063 2287 SS.
1088 2224 1186 2301 Sergii
1213 2237 1242 2282 51
1262 2225 1375 2283 Bacchi
1404 2232 1450 2282 est

121 2326 570 2403 555155151115,555515551555
593 2328 769 2403 quaeFeae
792 2327 1178 2386 maximeauctoritatede
1211 2328 1270 2387 5115
1299 2328 1362 2384 5155
1393 2327 1449 2384 555

123 2431 236 2512 templo
260 2426 447 2488 Concordiae
469 2430 560 2504 vulgo
580 2429 751 2498 ereduntur,
785 2430 902 2505 quade
934 2450 967 2487 55
993 2429 1013 2487 1.
1036 2449 1060 2487 5.
1085 2429 1219 2505 pluribus
1252 2430 1361 2486 dictum
1394 2437 1450 2497 est,

123 2541 174 2589 551
195 2541 241 2590 551
262 2531 388 2590 ecclesia
409 2532 529 2589 aliunde
551 2531 623 2589 mihi
645 2540 724 2589 certe
740 2549 798 2588 non
822 2541 903 2588 nota.
941 2531 992 2588 sed
1015 2541 1080 2589 utut
1102 2541 1203 2589 551-
1221 2530 1350 2588 viderint
1372 2529 1449 2586 enirn

122 2633 232 2708 quibus
264 2634 384 2691 illorum
419 2633 750 2708 15515515151115155155
783 2633 880 2690 155155
902 2633 998 2690 551155
1020 2633 1230 2690 delitescentes
1252 2632 1334 2689 adire
1366 2631 1449 2687 licet:

124 2729 196 2792 mihi
224 2735 343 2810 quidem
371 2735 477 2793 mirum
504 2735 652 2793 videretur
673 2734 747 2806 nihil
769 2752 894 2811 prorsus
917 2735 946 2792 in
969 2735 1077 2791 litteris
1099 2734 1189 2791 medii
1211 2734 1277 2792 aevi
1299 2732 1335 2789 de
1357 2731 1451 2788 eccle·

125 2837 171 2894 sia
205 2855 241 2895 55
274 2837 340 2894 1555
373 2837 458 2895 511551
492 2837 590 2894 115155
623 2837 763 2894 traditum
796 2854 864 2895 esse
902 2869 938 2878 -
977 2837 1034 2894 hoc
1067 2835 1184 2894 videtur
1216 2845 1303 2894 extra
1335 2844 1452 2892 contro-

124 2939 252 2997 versiam
286 2939 416 3014 positum
449 2957 516 2997 5555
549 2939 784 2997 aedificationem
813 2939 957 2997 ecclesiae
984 2935 1039 2997 SS.
1063 2934 1160 3013 Sergii
1183 2937 1355 3008 etBacchi,
1387 2931 1450 2994 ‘ubi

124 3036 306 3111 umbilicus'‚
338 3049 502 3098 rostrorum
526 3041 670 3117 quidquid
697 3041 819 3100 saeculo
846 3048 953 3097 octavo
976 3059 1043 3097 cum
1066 3041 1173 3098 statuis
1196 3040 1367 3115 vicinisque
1390 3058 1453 3096 mo·

124 3142 273 3199 numentis
296 3141 474 3218 superfuerit
495 3161 690 3201 conservasse
713 3144 843 3217 itemque
867 3142 1034 3200 coniectare
1061 3143 1162 3200 licebit
1184 3161 1245 3200 555
1266 3142 1360 3199 155115
1382 3148 1453 3217 5551

124 3243 154 3299 15
176 3253 292 3318 1515555
309 3262 411 3302 versus
433 3243 587 3301 meridiem
610 3244 773 3302 secuudum
790 3244 868 3301 viam
884 3263 961 3319 5555
984 3245 1022 3301 ab
1044 3264 1114 3301 arcu
1131 3243 1236 3302 Severi
1250 3244 1287 3301 ad
1309 3242 1452 3318 templum

125 3344 288 3402 Faustinae
310 3345 405 3403 tendit
432 3345 513 3401 aliud
541 3345 709 3403 aedificium
737 3356 939 3403 constructum
968 3363 1035 3403 5555
1058 3346 1167 3419 551555
1189 3345 1293 3420 515155
1315 3344 1367 3401 1115
1389 3344 1452 3400 5115

125 3447 272 3522 parietum
295 3451 357 3504 sive
380 3465 532 3504 murorum
555 3447 650 3504 instar
671 3447 791 3505 fuerint.
835 3465 870 3504 ac
897 3466 969 3505 sane
996 3446 1187 3505 memorabile
1211 3446 1358 3521 estquod
1381 3464 1453 3502 555-

124 3548 237 3625 glypha
258 3568 294 3606 ea
316 3567 392 3623 quae
414 3548 593 3607 intrinsecus
614 3558 720 3607 extant
741 3550 827 3625 lunge
842 3549 987 3607 minorem
1009 3548 1107 3606 labem
1130 3557 1287 3607 traxerunt
1307 3567 1395 3625 quam
1418 3565 1454 3603 55

125 3669 201 3727 5555
223 3640 426 3710 extrinsecus}
447 3651 554 3709 deinde
576 3650 708 3725 utrisque
731 3651 817 3726 quasi
840 3662 949 3709 tectum
976 3650 1128 3727 quoddam
1151 3651 1213 3708 5115
1235 3651 1454 3709 concameratio

125 3754 379 3831 superimposita
410 3755 533 3812 iuventa
555 3762 601 3810 est
622 3771 710 3828 quam
741 3753 874 3810 diximus
905 3747 1021 3809 ‘turrim
1045 3753 1134 3810 medii
1158 3749 1235 3810 aevi'
1269 3754 1363 3811 visam
1385 3771 1453 3810 esse

126 3856 340 3926 inventoribus,
363 3866 394 3913 at
417 3857 472 3914 sub
494 3855 548 3912 illa
569 3855 704 3931 interque
726 3855 792 3930 ipsa
808 3853 919 3929 plutea,
943 3854 968 3910 si
989 3854 1159 3928 pavimento
1182 3854 1305 3928 5511555
1327 3854 1454 3930 integro,

127 3958 152 4013 si
174 3957 400 4033 photographae
421 3957 545 4033 imagini
566 3956 744 4031 silentioque
766 3956 911 4012 Actorum
934 3954 1113 4012 credendum
1142 3956 1191 4024 sit,
1225 3955 1364 4013 materies
1388 3956 1454 4013 solo

127 4059 284 4132 postmodo
317 4060 512 4117 accumulata.
558 4058 672 4116 accedit
705 4056 786 4133 quod
820 4057 858 4114 ad
890 4057 1014 4114 eandem
1048 4057 1125 4115 viam
1155 4077 1171 4114 5
1197 4058 1319 4134 regione
1352 4057 1455 4134 templi

128 4159 291 4219 Faustinae
307 4171 339 4219 51
360 4160 531 4237 supradixi
551 4159 719 4218 aedificium
735 4158 868 4217 eiusdem
890 4159 952 4217 fere
968 4159 1126 4217 aetatis-
1144 4168 1176 4216 ut
1190 4159 1279 4234 periti
1296 4159 1400 4218 volunt
1416 4190 1454 4200 -

126 4279 185 4337 quo
207 4263 335 4321 ecelesia
358 4260 414 4323 SS.
438 4260 537 4340 Sergii
559 4271 588 4319 51
604 4261 717 4320 Bacchi
738 4260 860 4319 condita
880 4270 926 4319 551
947 4280 1042 4337 55551
1063 4261 1231 4338 5515555511
1252 4261 1361 4336 5551151
1385 4281 1455 4319 555-

126 4363 304 4440 glutinatum
326 4366 526 4423 marmoribus
549 4364 749 4441 antiquiorum
773 4362 984 4422 aedificiorum.
1029 4362 1106 4421 unde
1128 4362 1246 4421 abunde
1268 4370 1456 4422 555515155-

127 4477 196 4523 1515
228 4466 290 4524 1555
321 4467 441 4525 5555515
473 4467 573 4525 iorum
605 4485 761 4525 romanum
790 4483 849 4523 non
882 4465 1043 4536 desertum,
1078 4484 1178 4523 verum
1202 4465 1289 4523 novis
1312 4464 1455 4522 5551115115

128 4567 306 4642 completum
329 4568 432 4627 151555.
476 4569 528 4626 vix
560 4569 657 4627 ausim
691 4568 769 4625 ultra
794 4568 850 4624 hos
871 4567 1016 4624 terminos
1039 4566 1173 4642 prodire:
1205 4583 1384 4641 quamquam
1406 4565 1457 4641 qui

129 4667 311 4727 Cockianam
344 4670 504 4748 imaginem
538 4690 604 4727 cum
638 4670 735 4727 forma
763 4680 866 4727 nostra
892 4668 988 4727 aliave
1015 4667 1234 4744 comparaverit
1260 4667 1338 4724 haud
1368 4667 1474 4747 facile

129 4772 266 4829 abnuerit
285 4789 376 4848 posse
399 4772 503 4830 turrim
526 4771 722 4847 campanilem
744 4770 887 4830 ecclesiae
908 4770 1000 4840 illius,
1023 4789 1113 4847 quam
1135 4768 1330 4845 prospicienti
1352 4787 1458 4827 versus

129 4892 232 4931 arcum
255 4870 356 4932 Severi
389 4892 467 4949 pone
489 4873 644 4931 5551551515
667 4873 839 4931 constitisse
862 4872 1026 4947 apparebit,
1059 4888 1127 4930 esse
1155 4870 1253 4946 ipsam
1284 4889 1349 4929 eam
1373 4872 1457 4930 cuius

129 4975 238 5031 rudera
258 4976 437 5050 anaglyphis
461 4975 603 5052 imposita
624 4975 682 5033 iam
705 4974 838 5033 funditus
862 4974 982 5032 sublata
1004 4982 1082 5031 sunt.

214 5077 368 5154 lugentem
384 5095 540 5134 numerum
555 5077 672 5135 basium
688 5077 818 5135 diximus
834 5076 1052 5134 accumulatum
1070 5092 1139 5134 esse
1153 5075 1239 5134 iuxta
1253 5084 1361 5135 155115.
1405 5095 1459 5134 555

129 5179 251 5249 1511555
274 5190 394 5239 5555151
410 5177 489 5238 55151
511 5177 548 5235 15
569 5177 704 5238 1551515
727 5177 849 5255 5511555
872 5185 1005 5256 tempore
1027 5187 1142 5237 statuas
1163 5177 1309 5238 clarorum
1326 5178 1458 5236 virorum

1215 5379 1251 5439 18
