3510 5812
407 448 572 539 8111881
600 485 890 539 ruscummouvu
916 486 1001 538 som
1026 486 1182 538 nonum.
1382 468 1455 538 243

126 661 237 739 Angeli
270 662 432 720 instaurari
457 671 604 739 coeptam,
639 661 740 719 nescio
768 678 827 737 quo
860 661 925 719 iure
958 679 1041 719 suam
1071 662 1128 720 sihi
1155 669 1270 737 partem
1300 662 1457 719 hahuisse:

128 764 201 820 haec
233 764 311 822 enim
339 752 389 822 ille
419 784 435 820 e
461 763 628 822 Bodleiano
655 762 770 839 Ligorii
802 762 904 820 codice
934 763 1124 838 transcripsit
1151 762 1232 821 Bull.
1260 763 1288 819 d.
1315 764 1335 820 i.
1367 762 1456 833 1871,

128 863 187 922 265
202 882 226 923 8.
250 865 303 940 (ci.
327 885 352 923 c.
376 865 432 940 ΙΙ).
447 897 488 907 -
507 865 612 923 eodem
635 884 661 921 a.
688 864 766 923 1547
790 882 856 922 cum
880 865 919 921 ad
940 866 1132 923 fundamenta
1153 883 1240 924 arcus
1264 863 1368 923 Severi
1390 865 1456 923 sinc

127 966 216 1024 dubio
244 967 282 1024 ob
312 966 483 1042 quaerenda
510 985 659 1024 marmora
682 976 761 1024 terra
782 967 1004 1043 pervestigator
1025 976 1161 1043 repertae
1184 974 1254 1025 sunt
1275 968 1365 1025 bases
1389 984 1456 1042 sep·

126 1077 183 1124 tem
207 1086 235 1124 n.
263 1067 433 1126 113-119.

209 1171 257 1228 Ab
279 1188 307 1226 a.
334 1169 412 1228 1547
436 1185 530 1244 usque
553 1171 591 1227 ad
614 1170 727 1228 saeculi
750 1171 855 1229 decimi
878 1172 976 1230 octavi
997 1172 1086 1229 tinem
1109 1171 1281 1230 substitisse
1303 1171 1454 1228 fossorum

126 1290 248 1348 operam
270 1290 328 1329 non
351 1279 431 1329 recte
454 1272 608 1329 contendit
623 1269 806 1330 Lancianius
830 1273 848 1329 l.
865 1292 889 1330 c.
907 1295 935 1350 p.
950 1273 1019 1332 266.
1057 1282 1162 1331 extant
1184 1273 1262 1330 enirn
1284 1273 1455 1330 testimonia

125 1373 297 1431 iteratarum
320 1393 373 1450 per
394 1390 490 1431 annos
513 1374 630 1431 circiter
654 1374 757 1451 viginti
783 1375 939 1450 proximos
961 1375 1157 1433 effossionum
1180 1393 1233 1432 neo
1255 1374 1359 1432 dubito
1381 1375 1453 1451 quin

125 1474 212 1552 plura
233 1476 278 1533 eis
301 1493 378 1551 quae
400 1475 480 1533 infra
500 1475 628 1549 ascripsi
651 1475 751 1550 colligi
773 1476 899 1552 possint.

208 1578 246 1633 A.
271 1577 349 1635 1549
373 1578 461 1636 bases
484 1578 561 1634 duae
585 1577 730 1653 virginum
747 1577 915 1636 Vestalium
940 1578 992 1652 (81.
1009 1597 1035 1635 8.
1055 1578 1149 1653 1497)
1172 1586 1328 1653 praesente
1343 1577 1452 1654 Pighio

124 1680 154 1735 in
176 1682 287 1736 comitio
314 1680 355 1735 ad
379 1682 455 1736 viam
482 1696 597 1736 sacram
626 1680 677 1736 sub
699 1681 797 1737 radice
819 1680 929 1738 Palatii
950 1699 964 1737 8
985 1683 1098 1755 regione
1121 1678 1178 1739 SS.
1204 1680 1321 1738 Cosmus
1342 1691 1368 1738 et
1387 1679 1452 1737 Da·

67 1799 70 1805 ·
124 1783 215 1837 miani
236 1789 386 1839 extractae
409 1788 478 1839 sunt
500 1780 669 1856 (81193),
692 1781 797 1840 eodem
819 1800 845 1838 a.
863 1799 918 1839 sex
940 1782 1028 1839 bases
1051 1782 1089 1839 ad
1111 1800 1213 1839 arcum
1228 1778 1332 1841 Severi
1352 1779 1451 1857 (122).

206 1882 287 1940 Ante
312 1901 338 1940 a.
366 1882 443 1941 1553
478 1885 508 1938 iu
535 1882 624 1940 hortis
650 1882 795 1940 columnae
821 1883 957 1940 Maeuiae
984 1882 1026 1956 (h.
1055 1903 1080 1940 e.
1108 1881 1222 1956 Focae)
1256 1884 1451 1942 adiacentibus

123 1984 252 2042 effossus
274 1994 321 2042 est
342 1984 445 2043 titulus
462 1982 571 2042 Naevii
588 1980 710 2043 Surdini
732 1985 815 2042 cuius
831 1985 947 2061 postica
962 2003 1032 2060 pars
1049 2003 1084 2041 eo
1107 1985 1174 2060 ipso
1197 1995 1330 2060 tempore
1351 1986 1450 2061 imago

119 2082 220 2143 Curtii
247 2085 398 2161 insculpta
423 2096 477 2144 est.
524 2105 549 2143 v.
573 2085 612 2142 ad
633 2105 662 2142 n.
687 2084 735 2145 32.
780 2103 847 2144 8888
874 2086 978 2145 hortos
1006 2086 1076 2145 illos
1102 2087 1222 2144 eosdem
1252 2105 1328 2162 quos
1357 2105 1451 2162 supra

124 2186 256 2246 diximus
278 2187 398 2246 saeculo
420 2188 483 2245 XII
505 2197 534 2246 et
555 2187 631 2244 Xlll
654 2187 711 2245 dici
736 2185 790 2248 SS.
809 2186 906 2263 Sergii
927 2197 957 2246 et
978 2188 1089 2246 Bacchi
1111 2197 1244 2263 apparet.
1288 2189 1448 2247 eorundem

121 2289 232 2346 mentio
259 2288 339 2348 facta
364 2289 394 2347 in
420 2288 522 2348 libello
550 2289 586 2347 de
608 2297 756 2348 vetustate
783 2290 867 2348 urhis
889 2288 976 2348 Laeti
998 2290 1117 2348 nomine
1143 2283 1287 2366 inscripto
1310 2291 1449 2374 aditoque

121 2390 209 2448 annis
238 2391 317 2450 1510
341 2401 371 2448 et
399 2391 476 2450 1515
506 2390 539 2465 (f.
564 2392 600 2449 3τ
621 2392 666 2448 ed.
690 2411 716 2448 a.
744 2391 851 2466 1515):
897 2395 980 2450 ..ad
1004 2393 1112 2451 hortum
1138 2396 1275 2451 aestiuum
1302 2403 1342 2452 ast
1362 2412 1448 2453 orcus

122 2490 220 2550 Seueri
240 2497 427 2568 imperatoris.

203 2595 241 2652 A.
269 2594 347 2652 1554
371 2595 451 2653 basis
477 2612 537 2652 una
565 2595 600 2652 de
630 2603 771 2670 quattuor
797 2594 857 2654 illis
881 2594 1004 2655 Gabinii
1033 2594 1126 2655 Vettii
1154 2596 1298 2654 Probiani
1325 2601 1355 2653 in
1381 2598 1447 2654 luor-

121 2699 158 2753 tis
176 2714 269 2772 prope
295 2706 352 2754 tres
380 2698 526 2756 coluannaa
553 2704 672 2772 reperta
697 2706 744 2755 est
771 2696 814 2770 (n.
838 2696 902 2772 28),
929 2698 985 2755 1188
1012 2705 1058 2756 est
1086 2698 1117 2756 in
1144 2697 1270 2755 basilica
1291 2697 1371 2756 lulia
1395 2699 1446 2756 ubi

120 2798 191 2855 olim
214 2799 313 2874 posita
333 2798 403 2869 iuit3
426 2800 530 2856 eodem
554 2817 632 2856 anno
656 2799 738 2857 basis
759 2800 891 2874 Augusti
913 2800 952 2857 ad
973 2818 1072 2858 arcum
1097 2796 1200 2859 Severi
1223 2799 1266 2873 (n.
1293 2799 1374 2876 123).

201 2901 240 2959 Α.
267 2901 344 2959 1563
368 2901 474 2959 titulus
496 2900 600 2959 Planci
624 2898 713 2977 (126)
737 2901 774 2958 ad
797 2919 897 2958 arcum
921 2898 1036 2970 Severi,

202 3005 239 3060 Α.
266 3003 344 3062 1565
371 3003 528 3079 inscriptio
556 3004 713 3062 columnae
746 3011 894 3061 rostratae
924 3001 1103 3061 Duellianae
1133 3002 1222 3079 (127)
1256 3003 1365 3062 ibidem
1400 3024 1445 3063 re·

118 3114 204 3179 perta
225 3114 279 3162 est.

200 3207 336 3283 Apparet
364 3215 434 3282 post
460 3206 619 3283 Pomponii
647 3205 734 3265 Laeti
768 3213 895 3265 aetatem
922 3207 971 3264 vix
1000 3224 1139 3282 umquam
1172 3224 1239 3265 esse
1272 3207 1383 3267 aditum
1406 3210 1444 3266 ad

117 3308 237 3383 sepulta
259 3309 314 3366 lori
337 3308 445 3366 rudera
464 3308 502 3365 ob
523 3307 610 3364 aliam
634 3326 755 3366 causam
779 3308 904 3383 petitum
920 3308 978 3365 nisi
1001 3309 1077 3366 lucri
1099 3326 1191 3366 causa
1212 3309 1302 3384 inque
1324 3310 1444 3368 easdem

116 3410 278 3469 identidem
301 3410 481 3486 lapidicinae
502 3409 585 3466 illius
601 3410 789 3467 vastissimae
811 3411 949 3486 regiones
967 3428 1035 3468 esse
1050 3410 1236 3480 descensum,
1259 3411 1289 3469 in
1304 3411 1443 3469 viciniam

116 3529 204 3570 arcus
228 3512 330 3571 Severi
353 3513 493 3589 aedisque
516 3508 546 3569 S.
570 3509 726 3582 Hadriani,
754 3511 856 3586 templi
878 3510 1042 3570 Faustinae
1070 3512 1213 3588 aedisque
1235 3508 1290 3572 SS.
1314 3511 1444 3572 Cosmae

115 3622 145 3672 et
168 3613 318 3684 Damiani,
342 3616 429 3672 trium
453 3614 657 3672 columnarum
679 3613 781 3690 templi
798 3612 966 3672 Castorum.
1010 3633 1065 3672 nec
1086 3614 1219 3691 proiecto
1235 3615 1342 3673 mirum
1361 3615 1443 3691 quod

115 3715 166 3793 qui
188 3725 257 3792 post
278 3734 304 3772 a.
324 3715 402 3774 1585
426 3715 550 3790 antiqua
570 3726 761 3773 monumenta
782 3716 925 3773 radicitus
948 3716 1074 3774 evellere
1090 3734 1252 3792 eorumque
1268 3727 1443 3776 ornamenta

115 3817 154 3874 ad
180 3835 258 3875 nova
285 3817 367 3875 urbis
394 3817 506 3892 templa
531 3827 618 3892 atque
645 3817 758 3892 palatia
784 3817 1011 3875 condecoranda
1033 3816 1173 3874 adhihere
1195 3819 1310 3887 statuit,
1335 3818 1441 3878 Sixtus

114 3917 153 3988 V,
177 3918 273 3976 solum
295 3918 367 3976 illud
391 3918 498 3977 totiens
526 3918 704 3977 subversum
732 3926 872 3993 tanquam
901 3936 1007 3993 parum
1028 3917 1114 3976 ferax
1141 3936 1200 3977 non
1223 3920 1351 3996 amplius
1373 3921 1441 3978 atti-

114 4020 196 4096 gisse
211 4020 334 4079 videtur.
372 4020 538 4096 quidquod
560 4020 641 4078 fama
661 4018 755 4076 fertur
776 4020 895 4095 ingesta
915 4039 982 4079 eum
1005 4020 1129 4096 insuper
1143 4020 1277 4091 materia,
1300 4039 1338 4078 ex
1355 4022 1441 4080 novis

114 4122 371 4180 aedificationibus
393 4122 422 4178 in
445 4120 597 4179 Montibus
619 4121 707 4180 factis
731 4121 865 4194 collecta,
894 4122 1000 4180 dirutis
1028 4121 1143 4197 aliquot
1164 4122 1283 4181 sacellis
1306 4123 1440 4181 christia·

113 4224 160 4280 nis
188 4223 417 4299 antiquissimis,
450 4224 575 4299 denique
608 4224 676 4282 solo
709 4225 740 4281 in
769 4243 837 4281 eum
870 4224 990 4282 modurn
1023 4235 1191 4301 exaequato
1218 4243 1279 4301 qno
1306 4226 1440 4284 videmus

113 4325 211 4383 iacere
234 4323 380 4402 Campum
404 4326 557 4384 vaccinum
583 4343 678 4401 usque
701 4326 738 4384 ad
760 4327 834 4385 haec
856 4333 1000 4403 tempora,
1027 4326 1136 4385 futuris
1158 4327 1326 4385 fossoribus
1347 4327 1439 4404 impc-

113 4426 244 4484 dimenta
265 4444 389 4501 parasse
410 4427 585 4485 efficaciora.
622 4428 704 4485 fama
725 4428 797 4486 ferri
819 4427 884 4485 dico
906 4428 986 4504 quod
1008 4447 1062 4504 per
1084 4429 1178 4486 libros
1201 4428 1309 4487 multos
1332 4447 1438 4503 parum

112 4529 203 4586 certis
225 4528 408 4586 documentis
431 4538 624 4605 propagatur:
648 4547 725 4605 quae
747 4530 923 4587 documenta
945 4530 1056 4588 frustra
1070 4530 1257 4605 quaesiveris
1276 4530 1307 4585 in
1322 4532 1439 4606 maguis

110 4630 233 4687 baronis
248 4628 384 4688 Hdhneri
406 4611 617 4689 voluminibus.
661 4632 719 4689 hoc
740 4640 836 4689 testor
857 4631 887 4689 in
910 4631 1104 4706 epistularum
1121 4627 1199 4689 Sixti
1215 4629 1254 4687 ad
1270 4629 1437 4691 Fontanam

112 4733 258 4801 datarum,
285 4731 392 4807 quibus
415 4740 463 4789 sat
484 4716 595 4791 multae
610 4733 800 4791 continentur
822 4751 870 4791 res
893 4732 930 4790 ad
954 4732 1161 4791 illustrandam
1179 4740 1435 4792 monumentorum

110 4843 240 4891 veterum
269 4833 425 4891 historiam
452 4844 549 4908 aptae,
584 4854 620 4892 aa
646 4843 731 4911 parte
757 4853 846 4910 quam
874 4832 1065 4893 Constantini
1093 4830 1268 4891 Corvisierii
1291 4836 1436 4893 beneficio

108 4932 368 4993 1181118881872
391 4933 542 5010 perlegere
565 4936 658 5008 licuit,
681 4937 754 4994 nihil
777 4937 898 4995 omniuo
923 4956 970 4995 me
992 4935 1165 5012 repperisse
1187 4937 1268 5012 quod
1289 4938 1436 5012 pertineat

111 5037 150 5094 ad
172 5036 228 5094 sori
251 5035 408 5094 historiam
430 5037 655 5111 pertexendam.
