3510 5812
573 584 880 636 ossuuvn'nouss
907 584 1196 635 amensamens.
1497 566 1546 639 81

747 687 1040 694 .-——-—-.———-.

215 760 439 836 magistratibus
468 760 517 836 qui
545 769 617 817 sunt
642 758 922 831 sacerdotibusque3
954 777 1008 816 nec
1040 759 1161 817 dubium
1193 768 1240 817 est
1273 760 1319 816 his
1348 758 1486 817 omnibus
1512 778 1550 818 ss

215 873 313 922 aetate
342 862 390 921 ius
418 860 513 920 fuisse
541 861 707 918 sententiae
733 861 763 916 in
785 860 889 918 ordine
911 861 1060 917 ferendae.
1105 860 1153 918 lta
1175 859 1285 918 factum
1308 870 1354 918 est
1377 874 1409 918 ut
1431 861 1547 919 univer-

214 983 282 1023 sum
309 973 418 1022 statum
447 963 657 1039 municipalem
685 963 749 1021 eius
777 963 919 1037 temporis
945 982 983 1020 ex
1013 964 1069 1020 hoc
1096 962 1166 1020 albo
1195 962 1282 1021 etiam
1311 962 1430 1036 plenius
1457 980 1548 1038 quam

214 1085 254 1125 ex
277 1063 434 1125 Canusino
457 1082 682 1140 cognoscamus.
729 1063 892 1122 Videamus
916 1065 1006 1140 igitur
1031 1064 1068 1122 de
1097 1063 1224 1139 singulis
1246 1065 1420 1140 generatim,
1449 1067 1480 1122 id
1503 1075 1549 1124 est

216 1168 252 1226 de
274 1168 421 1244 patronis,
444 1167 479 1224 de
502 1167 737 1241 magistratibus,
760 1166 797 1223 de
820 1166 1038 1234 sacerdotibus,
1061 1166 1097 1223 de
1120 1165 1282 1224 curialibus
1305 1166 1437 1242 reliquis.

300 1268 325 1326 1.
369 1268 405 1327 ln
427 1269 564 1345 patronis
587 1267 776 1325 recensendis
800 1269 975 1343 (1.3-14)
999 1268 1098 1325 album
1119 1266 1371 1343 Thamugadense
1394 1269 1445 1326 vix
1467 1288 1547 1327 reee-

214 1371 257 1430 dir
279 1391 298 1428 a
319 1369 490 1440 Canusin03
520 1370 636 1427 scilicet
662 1370 851 1426 nominantur
880 1369 1007 1445 primum
1038 1369 1123 1445 c(r'ri)
1146 1369 1329 1444 c(lorissi·mi)
1352 1390 1474 1428 numero
1496 1371 1546 1428 de-

214 1492 287 1545 cem,
316 1472 422 1530 deinde
446 1471 544 1545 spatio
567 1471 722 1529 interiecto
748 1470 831 1545 uir(i)
856 1470 1085 1546 p(ersectiesimi)
1114 1489 1238 1528 numero
1261 1470 1319 1528 dno
1341 1471 1470 1546 (accedit
1491 1482 1548 1529 ter-

216 1577 276 1633 tius
299 1575 368 1632 item
392 1572 589 1631 sacerdotalis
614 1574 641 1642 l,
659 1573 721 1647 16).
766 1574 901 1645 Quorum
929 1573 1008 1648 qnod
1036 1572 1110 1632 solis
1133 1573 1264 1648 quinque
1287 1575 1391 1649 primis
1413 1574 1547 1650 adserip-

216 1687 279 1735 tum
306 1685 352 1762 est
375 1674 553 1751 p(a)tr(oui)
581 1675 768 1743 vocabulum,
791 1675 829 1731 ad
852 1674 1070 1750 neglegentiam
1098 1675 1253 1749 scriptoris
1282 1676 1469 1733 referendum
1490 1684 1545 1733 est.

215 1775 360 1838 Similiter
386 1778 417 1834 in
445 1774 601 1834 Canusino
628 1785 839 1834 enumerantur
866 1777 992 1851 primum
1011 1781 1131 1852 patroni
1158 1796 1196 1836 cc.
1221 1798 1273 1850 su,
1302 1777 1408 1836 deinde
1428 1782 1548 1853 patroni

214 1899 250 1940 ee.
274 1898 320 1956 qq.
345 1879 410 1936 RB.

296 1981 339 2038 Il.
384 1981 579 2057 Magistratus
603 1981 792 2038 inveniuntur
814 1981 959 2055 liquibus
982 2001 1019 2040 ex
1043 1983 1166 2058 antiquo
1188 1982 1325 2040 instituto
1348 1984 1395 2041 ius
1412 1993 1459 2041 est
1480 2001 1546 2041 sen·

213 2084 324 2142 tentiae
347 2084 489 2141 dicendae
513 2084 543 2140 in
566 2093 671 2141 senatu
694 2083 811 2139 duoviri
834 2083 946 2140 aediles
969 2095 1157 2158 quaestores,
1180 2093 1336 2160 praeterea
1358 2096 1489 2142 curator.

301 2186 327 2242 l.
371 2194 487 2242 curator
510 2204 586 2243 unus
611 2184 863 2259 (1‚18)ereatus
884 2186 1004 2242 omnino
1027 2186 1064 2243 ab
1087 2187 1267 2262 imperatore
1288 2187 1388 2260 itaque
1409 2188 1546 2244 nomina·

214 2295 262 2345 tus
284 2288 382 2362 primo
404 2286 481 2343 inter
499 2287 694 2363 magistratus
715 2286 781 2344 loco
804 2285 966 2362 (Ulpianus
983 2287 1052 2362 Dig.
1069 2287 1119 2357 50,
1136 2289 1165 2357 3,
1182 2286 1214 2344 2:
1238 2292 1268 2344 in
1282 2287 1348 2345 albo
1363 2289 1545 2346 decurionum

215 2393 244 2447 in
265 2391 418 2463 municipio
439 2392 552 2445 nomino
576 2400 640 2446 onte
661 2389 747 2445 scribi
768 2399 877 2463 oportet
898 2407 1001 2459 coruus,
1030 2393 1079 2463 qui
1100 2391 1252 2462 dipnitotes
1272 2393 1413 2465 principis
1439 2392 1545 2448 iudicio

214 2495 357 2549 consecuti
371 2501 445 2557 sunt,
462 2499 565 2564 posteo
581 2508 683 2559 eorurn,
703 2494 754 2564 pai
768 2500 875 2548 tontum
889 2490 1110 2563 municipalibus
1125 2490 1280 2548 honoribus
1287 2493 1383 2562 suncti
1397 2493 1487 2565 sunt).
1505 2525 1542 2533 —

214 2592 367 2651 Defensor
389 2592 519 2649 civitatis
543 2593 624 2667 quod
651 2611 710 2649 non
737 2592 915 2660 nominatur,
943 2591 990 2648 vel
1017 2591 1086 2649 inde
1113 2591 1257 2666 explicari
1285 2600 1393 2666 potest,
1420 2593 1501 2666 quod
1523 2593 1544 2649 ii

213 2694 340 2753 instituti
368 2712 436 2752 csse
464 2693 601 2751 videntur
628 2714 654 2750 a.
686 2693 804 2750 demum
835 2693 895 2750 364
919 2691 969 2767 (C.
990 2693 1047 2751 Th.
1072 2696 1098 2762 l,
1120 2692 1169 2764 29,
1195 2692 1236 2768 l),
1270 2703 1337 2751 ante
1363 2711 1450 2767 quem
1480 2694 1544 2752 fieri

213 2805 315 2871 potest
336 2805 370 2854 ut
390 2794 490 2853 album
512 2796 698 2870 propositum
723 2796 771 2853 sit.

297 2897 324 2954 2.
369 2898 484 2954 duorn'ri
506 2898 565 2954 duo
589 2896 788 2970 (1,20-22;
812 2917 879 2954 nam
896 2897 1038 2972 Papirius
1054 2897 1164 2955 Vitalis
1181 2898 1252 2956 mihi
1274 2908 1320 2955 est
1342 2898 1448 2956 duovir
1469 2898 1544 2956 alter

210 3001 340 3075 itemque
362 3000 471 3057 flamen
495 3001 681 3075 perpetuus).

297 3102 325 3160 3.
369 3102 475 3158 aediles
498 3102 558 3157 duo
581 3099 626 3175 (2,
643 3100 790 3175 25-27).

295 3203 323 3261 4.
367 3213 533 3279 quaestores
556 3202 600 3278 (2,
617 3201 666 3260 28.
684 3202 747 3276 29).
770 3221 895 3277 quorum
918 3221 971 3260 cur
993 3202 1069 3260 alter
1090 3202 1219 3271 deficiat,
1242 3189 1375 3260 nescio(

295 3305 350 3363 Ill.
396 3302 572 3362 Sacerdotes
600 3303 819 3362 observandum
852 3314 900 3361 est
929 3324 965 3362 ne
991 3312 1060 3377 post
1086 3303 1214 3360 medium
1242 3304 1362 3380 quidem
1390 3305 1541 3363 saeculum

211 3414 348 3482 quartum
375 3408 532 3481 antiquum
561 3412 671 3463 statum
701 3416 842 3463 mutasse.
887 3403 977 3477 Quod
1007 3405 1197 3463 inveniuntur
1226 3407 1256 3464 iu
1283 3407 1397 3476 ordine,
1431 3424 1541 3466 novum

210 3516 268 3579 est,
294 3509 352 3566 nisi
379 3507 460 3583 quod
489 3508 600 3565 flamini
625 3507 707 3565 Diali
735 3508 803 3582 ipsa
831 3507 943 3564 liberae
972 3507 1014 3562 rei
1043 3526 1072 3582 p.
1096 3516 1194 3564 aetate
1217 3507 1330 3565 Romae
1357 3509 1405 3565 ins
1432 3508 1489 3565 fuit
1510 3510 1539 3567 in

212 3618 348 3668 senatum
371 3609 538 3668 introeundi
555 3608 636 3683 (mv.
653 3608 703 3675 27,
720 3608 762 3684 8).
806 3609 879 3667 lude
902 3608 1026 3685 proiecti
1047 3608 1104 3665 hoc
1125 3608 1257 3677 saeculo,
1280 3618 1359 3668 certe
1382 3611 1411 3667 in
1429 3610 1540 3681 Africa,

212 3712 383 3769 sacerdotes
405 3712 533 3770 maiores
555 3728 657 3770 omnes
680 3715 711 3769 in
733 3711 836 3768 ordine
856 3711 954 3769 locum
978 3710 1096 3780 habent,
1119 3710 1233 3769 scilicet
1254 3711 1465 3786 provinciales,
1489 3712 1540 3770 fla-

213 3813 308 3871 mines
326 3815 473 3890 perpetui,
495 3815 663 3890 pontifices,
688 3831 825 3888 augures,
850 3823 881 3870 ut
901 3812 985 3883 adeo,
1008 3831 1076 3870 eum
1094 3813 1269 3886 praesertim
1285 3814 1453 3871 sacerdotia
1468 3815 1541 3871 haec

210 3915 312 3972 omnia
332 3926 477 3993 perpetua
499 3917 568 3987 sint,
593 3915 667 3973 ordo
692 3916 803 3972 truciore
826 3934 863 3970 rx
886 3924 969 3990 parte
992 3933 1030 3971 ex
1054 3915 1260 3972 sacerdotibus
1283 3916 1469 3992 compositus
1491 3916 1538 3973 sit.

210 4015 284 4073 Inde
311 4017 531 4092 quodammodo
558 4017 748 4092 explicantur
775 4017 961 4074 sacerdotum
984 4017 1125 4074 Afrorum
1153 4017 1182 4073 in
1210 4038 1243 4075 re
1269 4017 1390 4094 publica
1411 4017 1540 4094 gerenda

209 4130 310 4193 partes
336 4128 364 4177 et
391 4119 468 4177 alios
497 4128 622 4178 testatae
650 4130 680 4176 et
709 4120 838 4177 maxime
865 4120 980 4195 legibus
1004 4117 1193 4177 Constantini
1217 4119 1316 4195 Magni
1344 4119 1391 4176 his
1413 4138 1439 4176 a.
1464 4118 1538 4177 335:

210 4224 343 4293 quon-lom
370 4221 441 4295 Asri
468 4223 591 4279 curiales
622 4226 766 4298 conquesti
791 4232 857 4280 sunt
882 4223 1020 4297 quosdam
1046 4225 1076 4278 in
1103 4240 1155 4280 suo
1182 4241 1299 4298 corpore
1325 4231 1391 4296 post
1407 4223 1540 4295 flotnonii

208 4320 338 4379 bonorem
368 4333 393 4379 et
422 4326 576 4382 sacerdotii
604 4326 648 4382 cel
673 4328 859 4399 irrupistratus
891 4325 1013 4382 decurso
1040 4328 1166 4399 lusionis
1196 4329 1379 4401 praepositos
1408 4322 1540 4397 compelli

203 4421 270 4496 fieri
295 4427 480 4496 mansionum,
508 4428 585 4501 quod
611 4431 641 4482 in
668 4428 791 4501 sinpulis
818 4431 907 4485 crariis
933 4431 1072 4502 sequentis
1104 4431 1196 4485 meriti
1229 4436 1254 4486 ct
1278 4426 1387 4501 prorius
1415 4426 1538 4482 bomincs

209 4524 326 4598 implere
348 4539 517 4586 consuerunt
537 4539 592 4585 cet
616 4526 666 4604 (C.
683 4529 740 4586 Th.
763 4528 808 4597 12,
827 4532 854 4601 1,
872 4529 924 4604 21)
948 4541 977 4588 et
999 4549 1026 4586 a.
1043 4528 1102 4588 337
1131 4530 1203 4587 data
1230 4529 1267 4586 ad
1289 4527 1447 4585 concilium
1469 4544 1538 4601 pro-

208 4624 324 4684 vinciae
339 4628 473 4685 Africae:
497 4631 689 4688 sacerdotales
711 4642 738 4689 et
750 4634 884 4707 stararines
903 4643 1057 4707 perpetuos
1079 4642 1163 4706 utque
1185 4635 1267 4689 etium
1289 4631 1482 4687 duuoroirnles
1501 4630 1538 4687 ab

208 4745 387 4786 annonarum
410 4737 619 4808 praeposituris
651 4737 786 4791 iminunes
819 4752 878 4792 esse
901 4738 1094 4810 praecipimus
1127 4733 1175 4808 (C.
1199 4733 1256 4792 Th.
1276 4732 1323 4803 12,
1340 4734 1368 4800 5,
1385 4731 1427 4806 2).
1472 4728 1538 4788 Has

207 4827 290 4905 leges
312 4841 437 4907 apparet
458 4851 511 4891 eos
534 4834 618 4908 ipsos
641 4836 761 4894 ordines
784 4837 955 4913 respexisse
978 4856 1054 4912 quos
1081 4838 1140 4894 iam
1164 4837 1252 4894 nobis
1274 4834 1416 4911 proponit
1437 4832 1537 4890 album

209 4928 470 5010 Thamugudense.

295 5034 320 5090 l.
364 5037 555 5096 sacerdotales
576 5038 634 5097 duo
657 5042 1021 5118 (1,15-17),0mnin0
1044 5042 1225 5118 provinciae,
1248 5040 1284 5098 de
1307 5038 1417 5114 quibus
1439 5034 1537 5094 conie-

207 5135 292 5193 rendi
320 5147 389 5194 sunt
415 5136 639 5199 Hirschfeldius
667 5143 747 5219 (aun.
772 5149 841 5203 inst.
868 5144 945 5204 1866
969 5166 998 5222 p.
1016 5145 1054 5204 69
1078 5144 1156 5220 seq.)
1184 5152 1214 5201 et
1237 5138 1463 5216 Marquardtins
1491 5136 1536 5213 (in

209 5237 266 5295 hac
293 5238 480 5314 ephemeride
505 5244 531 5313 1,
549 5240 608 5300 212
638 5253 668 5304 et
695 5245 971 5324 Stootsoerwaltunp
1002 5249 1028 5320 l,
1050 5245 1135 5322 372).
1179 5244 1220 5303 Hi
1247 5263 1308 5303 non
1336 5241 1433 5301 solum
1460 5240 1539 5299 inter

1312 5344 1332 5405 6
