3510 5812
493 1892 955 2008 ADDITAMENTA
993 1891 1243 2007 ALTERA

581 2103 650 2178 Au
680 2101 917 2180 CORPORIS
944 2101 1056 2178 voc.
1075 2101 1156 2177 vn.

797 2336 949 2345 .-.-—-—-

207 2472 440 2646 Quamquam
467 2581 528 2621 nou
554 2563 648 2621 multa
674 2573 863 2623 accesserunt
888 2563 1040 2622 titulorum
1062 2562 1302 2622 Britannicorum
1328 2560 1537 2638 supplementa

207 2674 278 2742 post
305 2664 374 2722 anui
401 2664 532 2739 proximi
559 2665 761 2723 additamenta
789 2667 896 2742 (supra
922 2685 950 2741 p.
970 2665 1026 2723 133
1040 2664 1108 2740 ss),
1141 2664 1238 2723 visum
1265 2674 1366 2722 tamen
1393 2671 1439 2720 est
1463 2663 1537 2720 haec

166 2848 171 2857 N
209 2785 287 2843 quae
309 2765 546 2824 subministravit
567 2766 731 2826 amicorum
750 2767 886 2828 officiosa
907 2768 1051 2829 sedulitas
1074 2767 1174 2826 statim
1197 2765 1310 2842 publici
1332 2764 1405 2824 iuris
1428 2764 1536 2822 facere.

208 2952 258 3010 Ad
279 2972 307 3010 n.
324 2950 350 3009 l.
394 2950 492 3009 Invito
515 2952 668 3011 exciderat
689 2943 860 3027 memoriae,
883 2974 949 3014 cum
972 2955 1174 3013 additamenta
1196 2952 1298 3028 priora
1311 2951 1535 3027 componebam,

250 3052 417 3112 versiculos
450 3053 550 3130 operis
583 3056 691 3114 musivi
718 3056 967 3133 Framptonensis
1000 3056 1076 3133 (Vll
1099 3055 1131 3131 2)
1160 3056 1203 3113 ita
1231 3053 1424 3113 constituisse
1453 3049 1535 3111 Guil.

252 3153 531 3215 Studcmundum
552 3156 684 3217 Hermae
705 3158 763 3217 vol.
786 3159 831 3217 IV
853 3158 963 3235 (1875)
986 3177 1015 3235 p.
1032 3159 1106 3217 503:

598 3350 622 3409 1.
652 3350 781 3428 Neptdui
800 3362 904 3423 uertex,
925 3353 1036 3429 rdpmen

654 3457 747 3512 sortiti
766 3455 868 3513 mobile
888 3457 988 3525 cantic,

654 3556 784 3627 ccultum,
808 3561 853 3617 cui
875 3559 988 3617 cerulea
1009 3556 1063 3631 ec[t
1077 3557 1178 3634 froas]

656 3659 767 3735 delfiais
790 3662 883 3716 cincta
904 3658 1021 3718 duobus.

516 3780 528 3818 a
583 3761 624 3818 II.
657 3760 719 3835 [aec
739 3760 853 3836 mallatus
870 3761 986 3837 pdrficis
1007 3761 1106 3832 ullum,

656 3861 823 3937 [cundram]
844 3863 934 3937 padre
956 3863 1068 3938 cupido.

255 4031 389 4088 Adnotat
410 4029 487 4089 idem
510 4049 537 4088 v.
556 4028 573 4087 6
597 4007 805 4106 supplementa
819 4029 932 4088 incerta
946 4046 1022 4101 esse,
1039 4048 1107 4088 nam
1123 4029 1213 4088 etiam
1228 4029 1265 4088 de
1281 4031 1538 4108 talorumstamma-

210 4151 272 4190 rum
284 4133 385 4208 padre,
408 4141 461 4190 aut
483 4132 519 4190 de
535 4131 662 4207 [Quare
678 4132 724 4189 vel
738 4130 894 4207 [relpnara
918 4131 1077 4208 [pu]9aarc
1091 4140 1121 4190 et
1136 4132 1284 4192 similibus
1295 4132 1422 4211 cogitari
1437 4154 1537 4212 posse.

211 4382 261 4440 Ad
283 4403 311 4440 n.
326 4380 402 4441 1³7.
446 4379 649 4458 Antiquitates
672 4381 826 4440 Romanas
852 4389 985 4457 repertas
1013 4381 1043 4438 in
1069 4381 1190 4458 Lpdney
1211 4381 1301 4454 Parit,
1329 4401 1404 4459 quas
1431 4383 1539 4442 addai

252 4483 404 4542 Nodoutis
430 4483 531 4542 fanum
559 4483 707 4560 pertinere
736 4500 839 4540 omnus
861 4483 1015 4559 probabile
1042 4493 1098 4556 eat,
1121 4482 1315 4542 delineandas
1337 4491 1368 4543 et
1387 4485 1538 4561 lapidibus

253 4585 426 4644 incidendas
454 4585 570 4643 curavit
596 4583 710 4661 praedii
736 4584 874 4643 dominus
906 4585 1088 4644 reverendus
1115 4583 1197 4644 Guil.
1223 4584 1333 4662 Hiluy
1359 4585 1540 4646 Bathurst

253 4706 349 4763 neque
376 4707 447 4745 vero
479 4695 513 4744 ut
539 4686 657 4745 tabulas
685 4685 753 4762 plus
781 4686 904 4762 triginta
928 4706 1051 4745 numero
1079 4687 1154 4746 iuris
1176 4687 1286 4763 publici
1310 4687 1421 4746 laceret
1442 4689 1540 4748 adhuc

253 4789 365 4849 moveri
387 4789 492 4864 potuit.
537 4788 660 4846 Interim
684 4787 762 4846 tituli
785 4787 959 4864 principalis
984 4789 1045 4846 iam
1067 4797 1135 4846 autc
1157 4790 1270 4848 multos
1293 4807 1388 4849 annos
1410 4791 1474 4850 aeri
1494 4791 1539 4849 iu·

252 4892 307 4951 cisi
329 4891 501 4968 exemplum
523 4891 594 4949 hoc:

365 5064 439 5106 nr·
469 5063 511 5105 ur
533 5076 540 5091 ·
562 5063 687 5106 suavrvs
772 5062 885 5105 saurus
908 5063 943 5105 ru
967 5064 1020 5106 auc
1044 5064 1080 5106 ax
1102 5063 1232 5107 srrusvs
1255 5064 1385 5109 sossvrr

364 5166 383 5208 c
559 5166 611 5208 uuu
646 5165 684 5206 τε
789 5164 965 5209 vrcroamo
1002 5181 1009 5195 ·
1047 5167 1154 5210 rurust
1178 5181 1185 5196 ·
1208 5167 1224 5210 r
1246 5169 1254 5208 1
1273 5154 1339 5210 v'ra
