3510 5812
437 1646 565 1759 Lllll
581 1640 869 1760 'amulum
894 1645 1310 1763 inassuetis

386 1846 787 1924 ADDITAMENTVM
814 1850 882 1925 AD
911 1848 1150 1925 CORPORIS
1179 1848 1287 1923 VOL.
1319 1848 1363 1921 ΙΙ.

208 2053 394 2205 Aljuttrel
418 2132 501 2189 ricus
528 2143 574 2189 est
599 2133 629 2189 in
651 2132 811 2190 Lusitania
836 2132 1023 2190 meridionali
1052 2132 1126 2190 situs
1149 2131 1247 2189 medio
1270 2132 1329 2189 sere
1352 2133 1429 2189 inter
1451 2132 1536 2187 Attae
1573 2140 1652 2201 Origo

209 2250 331 2291 cursum
353 2240 383 2289 et
405 2252 488 2291 oram
510 2235 690 2291 maritimam
717 2235 831 2305 itinere,
858 2255 876 2291 a
898 2235 1057 2305 montibus,
1086 2235 1137 2310 qui
1160 2235 1290 2309 Alyaree
1311 2252 1433 2309 regnum
1456 2234 1536 2290 clau·
1580 2224 1646 2271 ΜΒ

210 2334 294 2407 dunt,
315 2354 422 2393 versus
445 2336 675 2412 septentriones,
697 2338 728 2393 in
751 2337 874 2413 planitie.
896 2338 966 2407 alta,
989 2356 1076 2412 quam
1092 2336 1230 2394 Lusitani
1252 2356 1331 2394 nunc
1352 2356 1489 2412 campum
1505 2337 1538 2392 tle

212 2436 339 2513 Ouriqroe
361 2439 506 2515 dicunt1).
549 2441 598 2497 Ab
614 2439 775 2498 Ossonoba
794 2448 881 2513 portu
897 2438 1093 2507 meridionali,
1115 2440 1166 2515 qui
1186 2440 1240 2496 fuit
1256 2457 1348 2515 prope
1363 2439 1537 2497 hodiernam

212 2538 293 2597 Fero
315 2540 426 2613 urbem,
450 2540 638 2619 Olisiponem
665 2562 719 2618 per
744 2542 893 2617 regionem
921 2541 1004 2598 illam
1032 2541 1110 2598 viam
1138 2542 1231 2598 fuisse
1257 2548 1369 2599 certum
1398 2550 1456 2609 est3
1486 2539 1539 2595 sed

212 2659 280 2699 eum
306 2640 450 2699 itinerarii
474 2644 668 2701 Antoniniani
698 2644 813 2714 itinera,
841 2661 917 2718 quae
943 2644 1000 2701 huc
1021 2644 1179 2720 pertinent,
1207 2643 1296 2718 plane
1319 2642 1446 2700 confusa
1469 2642 1538 2713 sint,

212 2742 250 2801 de
278 2744 344 2802 riae
372 2744 436 2803 eius
462 2747 668 2804 mansionibus
695 2747 767 2804 certi
795 2746 870 2803 nihil
900 2746 990 2802 statui
1017 2754 1126 2820 potest.
1171 2744 1285 2803 Tamen
1313 2745 1468 2822 probabile
1494 2754 1540 2801 est

212 2846 369 2905 castellum
393 2856 488 2919 vetus,
516 2849 601 2905 cuius
632 2866 724 2924 supra
746 2847 841 2905 vicum
865 2848 1007 2920 Ah‘ustrel
1032 2848 1197 2924 parietinae
1225 2855 1395 2923 supersunt,
1418 2866 1437 2903 a
1458 2847 1541 2903 hlau-

211 2947 255 3007 ris
277 2949 397 3007 saeculo
420 2949 534 3007 decimo
557 2959 733 3027 occupatum
756 2959 870 3007 tantum
890 2968 967 3020 esse,
991 2970 1050 3019 non
1074 2950 1206 3007 funditus
1229 2958 1407 3007 extructum.
1453 2946 1541 3008 Scili-

213 3058 262 3109 cet
287 3049 443 3109 Romanae
470 3060 521 3109 aut
553 3052 729 3127 antiquioris
757 3052 846 3109 etiam
874 3052 999 3128 originis
1029 3052 1103 3109 illud
1127 3053 1242 3109 uidetur
1263 3069 1342 3123 esse,
1372 3069 1540 3127 quanquam

213 3150 292 3209 aliae
318 3152 397 3209 vitae
425 3152 579 3211 Romanae
606 3154 750 3229 reliquiae
777 3154 857 3229 qnod
883 3154 975 3211 sciam
1004 3155 1100 3211 adhue
1128 3154 1168 3211 ibi
1201 3163 1337 3230 repertae
1369 3173 1428 3211 non
1462 3160 1541 3210 sunt.

213 3252 337 3331 Reperti
358 3274 431 3312 vero
454 3257 574 3312 suntin
597 3275 703 3331 eampo
726 3256 778 3311 illo
797 3258 831 3312 de
848 3255 976 3331 Ouriqae
997 3256 1074 3314 tituli
1099 3255 1211 3331 aliquot
1232 3255 1414 3331 sepulcrales
1437 3255 1542 3329 scripti

178 3412 181 3417 .
214 3354 322 3414 litteris
346 3356 457 3433 ignotis
483 3357 611 3432 quidem,
638 3358 690 3415 sed
717 3358 839 3428 eisdem,
865 3377 940 3433 quas
967 3358 1079 3416 nummi
1106 3357 1216 3415 habent
1236 3378 1275 3414 ex
1297 3357 1401 3415 eadem
1423 3357 1542 3433 regione

215 3458 424 3535 provenientes
452 3469 481 3517 et
504 3460 697 3534 probabiliter
719 3460 852 3518 attributi
875 3458 1010 3520 Salaciae
1032 3471 1062 3517 ct
1078 3457 1275 3535 Caetobrigae
1297 3460 1416 3536 oppidis
1439 3458 1542 3533 paullo

216 3560 312 3637 magis
334 3578 440 3619 versus
462 3563 680 3637 septentriones
703 3559 811 3637 sitis2).
856 3562 921 3621 Has
944 3572 1041 3621 autem
1063 3562 1181 3620 litteras
1204 3581 1221 3618 a
1244 3562 1445 3620 Phoenicibus
1471 3562 1543 3618 olim

216 3662 357 3721 didicisse
370 3661 543 3733 Lusitanos,
566 3672 598 3721 ut
620 3665 657 3721 ab
679 3664 790 3722 eisdem
813 3665 930 3739 reliqua
952 3665 1117 3742 scripturae
1133 3682 1243 3740 genera
1262 3663 1443 3735 derivantur,
1467 3682 1544 3739 quae

216 3764 248 3823 in
261 3764 414 3841 Hispania
435 3772 579 3842 usurpata
599 3765 693 3823 luisse
712 3766 824 3823 nummi
847 3766 985 3841 titulique
1001 3766 1216 3836 demonstrant,
1239 3766 1307 3842 ipsa
1321 3784 1424 3823 eorum
1447 3765 1546 3822 forma

216 3866 312 3926 docet.
365 3866 472 3942 Itaque
503 3876 614 3925 eertum
648 3876 694 3925 est
724 3886 777 3942 per
802 3868 870 3926 loca
896 3868 969 3923 haec
995 3867 1084 3924 hodie
1112 3866 1230 3923 deserta
1255 3878 1285 3925 et
1311 3886 1404 3942 paene
1431 3866 1546 3925 inculta

216 3969 286 4029 iude
307 3987 326 4027 a
347 3968 560 4029 vetustissimis
583 3970 764 4044 temporibus
788 3969 956 4027 commercii
979 3986 1070 4026 eausa
1092 3967 1206 4026 incolas
1229 3986 1426 4037 commeasse3
1454 3967 1545 4025 idem·

217 4072 381 4147 quostiam
397 4071 504 4129 Avieni
520 4072 651 4129 narratio
673 4069 841 4146 testatur3),
862 4071 946 4129 cuius
962 4078 1076 4146 quanta
1090 4077 1226 4128 vetustas
1249 4071 1288 4128 sit
1303 4070 1544 4127 Muellenhol·

216 4172 291 4232 lius
316 4183 419 4232 noster
447 4192 503 4232 nos
530 4172 686 4247 edocuit4).
731 4173 842 4231 Portus
870 4192 940 4231 orae
969 4173 1161 4232 occidentalis
1195 4172 1349 4249 proximus
1375 4172 1546 4247 Merobriga

217 4276 336 4335 videtur
356 4275 451 4333 fuisse
473 4274 628 4351 (Saatiaqo
652 4278 686 4333 de
711 4276 808 4349 Capera
830 4276 1002 4351 hodierna),
1031 4273 1161 4334 Celticae
1189 4287 1224 4333 ut
1249 4294 1357 4333 nomen
1380 4274 1466 4331 docet
1488 4275 1546 4330 ori-

217 4378 298 4453 ginis
326 4378 479 4455 oppidum,
506 4379 591 4435 cuius
619 4396 685 4434 cum
711 4377 827 4436 incolas
856 4378 1039 4453 plumbarios
1066 4378 1211 4454 appellari
1238 4377 1356 4434 Plinius
1385 4375 1427 4450 (n.
1450 4376 1479 4433 h.
1502 4375 1546 4432 IV

218 4478 236 4555 ᾖ
262 4480 335 4555 118)
356 4479 443 4538 testis
466 4480 515 4550 sit,
537 4480 690 4556 plumbum
714 4482 746 4538 in
768 4480 876 4539 fodinis
900 4481 1006 4538 ricinis
1034 4480 1176 4539 effossum
1203 4480 1383 4538 credendum
1405 4486 1452 4536 est
1476 4476 1545 4535 inde

299 4768 322 4831 ¹)
360 4771 391 4821 In
415 4770 503 4820 tabula
526 4771 698 4835 geographica
721 4773 929 4836 inscriptionibus·
949 4773 1070 4836 Hispanis
1090 4772 1190 4821 adiecta
1212 4773 1298 4835 priore
1318 4769 1444 4837 Aljurtrel
1462 4771 1547 4819 locum

220 4862 334 4913 medium
353 4863 407 4913 iere
425 4864 531 4912 deberet
549 4863 664 4912 obtinere
684 4865 751 4913 inter
772 4861 882 4930 Ourique
901 4872 926 4913 et
945 4862 1121 4931 Messejanam.

299 4952 324 5017 ²)
361 4956 397 5006 Ut
410 4955 519 5006 Iacobus
531 4955 630 5005 Zobel
644 4957 830 5007 demonstravit
844 4958 869 5006 in
883 4957 1047 5020 ephemeride
1064 4958 1241 5007 numismatica
1255 4957 1382 5017 Parisina,
1403 4971 1451 5005 ser.
1467 4970 1548 5005 norae

221 5046 275 5097 vol.
297 5048 323 5107 8,
345 5046 415 5098 1863
433 5064 459 5113 p.
480 5048 542 5098 369.

300 5136 325 5201 ³)
363 5138 430 5190 Orac
449 5140 533 5190 merit.
554 5156 577 5189 r.
598 5140 651 5189 200
667 5157 700 5191 ss.

299 5228 325 5291 ¹)
362 5228 486 5283 Deutscle
505 5229 740 5284 Alterthumslcunde
762 5236 774 5284 l
796 5250 821 5299 p.
838 5232 889 5285 105
903 5248 937 5284 ss.
