3510 5812
313 477 362 550 80
882 494 1064 546 MOMMSEN

397 671 530 728 Primum
557 677 588 727 et
615 669 743 726 fortasse
770 670 901 726 omnium
930 669 1092 726 maximum
1120 679 1176 738 est,
1204 668 1283 744 quod
1313 687 1392 726 nunc
1419 669 1536 726 demum
1564 668 1643 726 clare

313 784 437 851 apparet
468 774 527 830 duo
556 791 668 849 genero
696 789 731 828 eo
765 780 898 847 tempore
931 771 1022 829 fuisse
1051 771 1252 841 decurionum,
1287 770 1399 829 scilicet
1428 770 1505 828 alios
1532 769 1584 845 qui
1611 770 1644 828 iu

314 877 397 934 curia
419 875 555 933 sederent
578 875 676 932 etius
700 872 845 931 haberent
866 875 1033 932 sententiae
1055 873 1092 930 de
1119 873 1209 931 rebus
1236 872 1365 948 publicis
1388 871 1538 944 serendae,
1566 871 1644 931 alios

314 979 367 1053 qui
394 995 518 1036 munera
544 976 753 1034 decurionatus
782 976 926 1045 subirent,
954 975 1128 1051 suffragium
1151 987 1249 1033 autem
1276 974 1307 1032 in
1336 974 1420 1032 curia
1441 992 1501 1032 nou
1522 973 1644 1033 ferrent.

314 1079 354 1138 Et
375 1079 443 1137 illos
467 1077 588 1153 quidem
610 1077 730 1152 proprie
753 1077 866 1136 ordinis
894 1078 1040 1136 vocabulo
1063 1077 1225 1154 significari
1249 1075 1353 1135 titulus
1377 1077 1517 1148 ostendit,
1540 1095 1645 1153 quam·

314 1201 404 1258 quam
432 1200 469 1239 ne
497 1180 554 1238 hoc
579 1179 699 1256 quidem
727 1197 803 1255 nego
826 1179 984 1254 aliquoties
1007 1179 1112 1236 latiore
1136 1197 1224 1237 sensu
1248 1186 1421 1254 usurpatum
1444 1196 1526 1251 esse;
1555 1178 1645 1237 decu-

314 1285 407 1343 rionis
434 1292 533 1341 autem
561 1299 667 1339 nomeu
700 1282 838 1357 generale
870 1290 916 1340 est
946 1294 974 1339 et
1002 1281 1039 1339 ad
1067 1281 1192 1339 alterurn
1221 1299 1339 1357 quoque
1371 1299 1465 1357 genus
1498 1282 1644 1357 pervenit.

315 1385 422 1462 Neque
444 1385 602 1443 diversitas
618 1403 654 1441 ea
674 1401 778 1441 recens
801 1392 857 1454 est,
881 1383 932 1441 sed
953 1383 1031 1442 redit
1051 1383 1088 1441 ad
1111 1384 1208 1459 ipsum
1225 1383 1353 1460 Augusti
1376 1394 1497 1442 senatus
1513 1382 1645 1442 Romani

316 1488 543 1546 ordinationem.
588 1483 709 1546 Scilicet
731 1504 769 1543 ex
791 1504 851 1561 quo
875 1487 1027 1544 senatoria
1043 1485 1178 1544 condicio
1201 1494 1263 1543 tam
1277 1486 1392 1544 Rornae
1414 1504 1505 1561 quam
1527 1485 1557 1543 in
1580 1505 1645 1543 mu·

316 1591 437 1667 nicipiis
460 1587 641 1647 hereditaria
663 1605 729 1645 esse
751 1589 859 1664 coepit,
881 1590 1054 1646 necessario
1076 1587 1144 1645 inde
1167 1598 1287 1646 enatum
1310 1594 1357 1645 est
1383 1587 1543 1646 discrimen
1567 1587 1646 1645 inter

318 1700 471 1751 senatores
499 1691 713 1750 decurionesve
736 1691 786 1766 qui
815 1699 915 1749 essent
941 1700 970 1749 et
996 1692 1046 1766 qui
1076 1690 1139 1748 lieri
1162 1692 1286 1766 possent
1316 1688 1504 1759 deberentve,
1532 1688 1563 1746 id
1589 1696 1647 1759 est,

318 1804 350 1854 ut
375 1796 458 1853 aiunt
480 1792 563 1869 leges
586 1791 722 1850 Valentis
745 1802 773 1848 et
796 1790 934 1851 Gratiani
958 1790 1047 1865 (Cod.
1071 1793 1146 1850 lust.
1166 1791 1329 1866 12‚1,11)
1353 1802 1382 1851 et
1403 1790 1531 1850 Honorii
1553 1788 1646 1866 (cod.

318 1898 376 1955 Th.
402 1896 450 1966 16,
466 1895 495 1966 5,
512 1894 575 1969 52),
604 1895 679 1952 inter
702 1903 856 1952 senatores
879 1894 998 1971 proprie
1020 1892 1116 1952 dictos
1125 1895 1150 1970 ¹)
1176 1904 1206 1951 et
1225 1894 1411 1953 clarissimos
1434 1893 1492 1964 vel,
1520 1900 1552 1951 ut
1574 1893 1647 1952 deli·

319 2000 398 2058 nitur
420 1998 450 2055 in
473 2016 542 2055 aere
564 1994 725 2065 Canusino,
750 1996 827 2055 inter
849 1996 1025 2055 decuriones
1048 1994 1072 2054 C
1094 2005 1124 2055 et
1146 2003 1352 2072 praetextatos
1374 1995 1473 2054 XXV.
1516 1994 1565 2054 De
1588 1997 1648 2054 hoc

318 2119 379 2159 uon
406 2100 481 2159 satis
510 2105 627 2157 constat
649 2098 795 2156 senatoris
825 2097 1032 2157 decurionisrc
1059 2099 1139 2157 iilius
1167 2103 1217 2175 qui
1245 2099 1283 2156 ud
1311 2106 1438 2157 aetatem
1465 2098 1647 2157 senatoriam

320 2204 490 2279 pervenerit
512 2219 570 2277 quo
591 2199 657 2257 iure
680 2201 728 2270 sit,
751 2206 781 2257 et
799 2201 863 2257 lieri
884 2209 984 2276 potest
998 2208 1031 2258 ut
1053 2200 1124 2258 alibi
1147 2200 1225 2259 uliae
1248 2201 1330 2278 leges
1353 2202 1390 2259 de
1405 2221 1441 2260 ea
1461 2221 1493 2259 re
1515 2201 1649 2260 obtinue-

319 2306 392 2375 riut;
414 2304 532 2361 ridetur
553 2311 652 2360 tumen
676 2321 736 2360 non
759 2314 819 2360 tam
842 2302 909 2377 ipso
932 2304 996 2360 iure
1015 2311 1137 2379 propter
1160 2311 1286 2362 oetatem
1306 2303 1427 2361 decurio
1449 2303 1546 2361 iactus
1568 2321 1647 2374 esse,

319 2407 372 2465 sed
395 2405 559 2464 secundum
580 2405 676 2480 legem
697 2405 847 2481 publicam
875 2405 1121 2480 municipslcmre
1144 2415 1196 2464 uut
1222 2407 1334 2464 honore
1361 2418 1456 2482 gesto,
1480 2412 1511 2463 ut
1531 2404 1648 2464 Romae

319 2509 457 2578 obtinuit,
485 2515 537 2566 out
561 2508 592 2565 in
614 2506 760 2565 demortui
792 2506 891 2563 locum
920 2526 936 2562 a
964 2507 1141 2582 magistratu
1169 2510 1198 2565 in
1231 2508 1331 2567 album
1358 2508 1469 2566 relatus
1498 2506 1561 2583 (lex
1588 2506 1648 2566 lul.

319 2631 398 2669 mun.
422 2630 449 2667 v.
471 2611 508 2669 83
530 2610 618 2686 seq).
664 2607 854 2683 Quamquam
885 2607 1029 2667 Canusini
1057 2610 1249 2686 praetextati,
1276 2628 1344 2667 cum
1377 2612 1554 2686 praesertim
1588 2630 1649 2671 uon

319 2713 417 2771 minus
443 2730 532 2787 quam
566 2712 741 2769 decuriones
775 2718 856 2767 certo
888 2729 1011 2767 numero
1042 2711 1134 2769 fuisse
1160 2713 1326 2783 videantur,
1360 2711 1489 2771 fortusse
1521 2731 1557 2772 eo
1584 2712 1649 2771 iure
1676 2758 1679 2762 r

319 2815 448 2884 luerunt,
471 2821 504 2871 ut
525 2822 682 2889 praetexta
703 2811 802 2887 positu
825 2813 927 2869 statim
950 2813 1032 2870 locus
1055 2814 1091 2871 iis
1115 2813 1236 2872 duretur
1257 2814 1287 2871 in
1310 2814 1400 2872 curie.
1443 2811 1504 2873 Sed
1526 2815 1650 2873 meliore

320 2925 418 2974 aetate
451 2914 508 2971 hoc
540 2913 698 2972 discrimen
725 2913 876 2988 quomodo
909 2921 1065 2971 tractatum
1091 2916 1152 2986 sit,
1185 2916 1216 2973 in
1243 2915 1341 2974 medio
1368 2915 1579 2992 relinquemus,
1613 2934 1650 2974 eo

321 3018 451 3076 contenti
479 3016 559 3092 quod
587 3025 734 3090 quatenus
754 3015 923 3092 pervenerit
951 3016 1069 3074 saeculo
1092 3027 1199 3091 quarto
1227 3026 1307 3076 certe
1328 3018 1357 3074 in
1381 3018 1495 3090 Africa,
1522 3018 1583 3076 iam
1605 3018 1651 3077 lu·

320 3119 455 3177 culentcr
480 3116 671 3193 intellegitur.
715 3117 761 3173 Eo
789 3129 923 3193 tempore
950 3136 1015 3176 cum
1043 3118 1118 3177 satis
1145 3129 1262 3178 constet
1290 3120 1479 3179 decurionem
1502 3138 1560 3179 nou
1587 3130 1650 3179 tam

321 3222 385 3278 fieri
408 3219 602 3295 (quamquam
632 3226 731 3294 potest
755 3219 843 3276 etium
874 3220 971 3296 adlegi
997 3242 1035 3278 ex
1062 3221 1202 3297 plebeiis)
1229 3239 1319 3296 quum
1347 3222 1430 3281 nasci
1458 3220 1508 3296 (Ο.
1524 3222 1581 3282 Th.
1601 3221 1651 3294 12,

325 3325 351 3395 1,
370 3320 442 3391 1183
473 3320 509 3378 ci.
535 3318 739 3380 Gothoiredus
762 3321 799 3378 ad
823 3322 852 3378 lr.
874 3331 895 3379 t.
918 3341 946 3398 p.
964 3322 1039 3397 353)
1066 3343 1161 3398 neque
1189 3333 1290 3380 natum
1319 3342 1337 3380 a
1364 3323 1522 3382 decurione
1549 3326 1650 3400 ipsum

322 3423 527 3482 condicionem
555 3422 613 3480 sibi
641 3432 757 3480 mutare
784 3441 885 3498 posse,
913 3424 1031 3481 decurio
1058 3425 1205 3482 eiusmodi
1227 3425 1256 3482 in
1283 3425 1389 3483 Africa
1415 3425 1565 3501 obligatus
1592 3426 1653 3484 fuit

322 3525 358 3584 ad
382 3544 506 3583 munero
527 3524 720 3600 municipalia
742 3525 767 3580 ei
792 3525 889 3582 ordini
911 3525 1041 3583 iniuncta
1064 3527 1256 3602 suscipienda
1278 3527 1465 3604 honoresque
1491 3528 1651 3607 gerendos,

324 3627 376 3686 sed
399 3627 428 3684 in
452 3627 548 3702 ipsum
571 3626 705 3683 ordinem
728 3635 863 3702 receptus
887 3645 945 3684 non
968 3636 1014 3684 est
1036 3628 1090 3685 nisi
1120 3639 1242 3705 propter
1264 3639 1361 3687 certos
1390 3631 1520 3689 honores
1547 3639 1650 3708 gestos

323 3729 538 3787 sacerdotiave.
579 3726 765 3786 Decuriones
788 3746 840 3786 eos
863 3730 927 3787 sine
949 3728 1101 3806 suffragio,
1124 3740 1156 3787 ut
1177 3731 1220 3788 ita
1241 3731 1347 3803 dicam,
1370 3732 1517 3809 intellegit
1533 3732 1650 3792 Paulus
1688 3756 1694 3770 ·

322 3851 388 3890 cum
413 3831 455 3888 ait
477 3828 625 3907 (Dig.50,
642 3828 671 3901 2,
688 3831 716 3901 7,
733 3829 780 3905 2):
802 3835 828 3888 is
855 3835 905 3907 qui
932 3851 988 3889 uon
1016 3836 1053 3890 sit
1078 3834 1202 3903 (leceris,
1232 3835 1415 3892 duumviratu
1439 3835 1484 3893 uel
1510 3835 1579 3892 aliis
1600 3834 1651 3892 lo·

321 3933 438 3991 neribus
459 3935 548 4008 suupt
572 3951 629 3989 nou
648 3942 748 4006 potest,
776 3933 826 4010 qui
853 3933 938 3991 locus
967 3952 1032 3991 cum
1062 3934 1099 3990 ud
1126 3937 1280 4012 antiquum
1306 3945 1417 3995 statum
1443 3936 1540 4014 aptari
1567 3936 1652 3995 nullo

323 4035 410 4094 modo
436 4042 526 4111 queat
553 4034 594 4109 (v.
611 4033 704 4092 Kulrn
726 4034 812 4092 eruut.
831 4034 1008 4110 Versussuup
1027 4037 1053 4106 l,
1070 4035 1155 4111 231),
1183 4057 1280 4096 rerum
1308 4037 1441 4097 ordinem
1469 4039 1577 4097 aetatis
1605 4055 1653 4097 sc-

322 4138 436 4212 quioris
459 4145 596 4194 accurate
617 4144 831 4212 repraesentat.

406 4239 568 4295 Praeterea
593 4256 659 4296 cum
687 4238 787 4318 album
815 4239 1005 4300 decurionum
1029 4242 1207 4318 antiquioris
1236 4243 1343 4301 aetatis
1365 4244 1560 4320 uragistratus
1582 4263 1653 4321 pru·

324 4342 388 4417 prio
410 4359 470 4398 nen
492 4341 617 4417 recipiat
639 4348 667 4398 ct
690 4339 727 4398 ad
751 4341 879 4400 honores
900 4355 1001 4419 gestos
1025 4345 1107 4402 solos
1130 4347 1281 4420 respiciat,
1305 4353 1337 4404 ut
1359 4356 1458 4404 tamen
1480 4345 1579 4404 honor
1599 4348 1653 4422 qui

325 4451 445 4518 geratur
468 4461 522 4518 pro
545 4453 630 4518 gesto
653 4441 841 4520 noberunt),
868 4446 898 4501 in
925 4445 1028 4502 ordine
1059 4446 1169 4503 saeculi
1193 4448 1289 4522 quarti
1317 4458 1506 4507 recensentur
1527 4448 1653 4523 quibus-

324 4562 451 4619 cumque
476 4546 524 4602 ius
554 4554 600 4602 est
627 4545 656 4601 iu
685 4545 768 4603 curia
794 4545 929 4615 sedendi,
960 4548 1127 4624 maioreque
1154 4567 1193 4606 ex
1220 4557 1304 4623 purte
1332 4550 1513 4608 constitutus
1540 4558 1587 4608 est
1612 4568 1654 4608 ex

403 4885 427 4951 ¹)
448 4887 563 4937 Abusive
583 4897 712 4939 senatores
733 4891 891 4955 appellantur
911 4893 1063 4958 quicumque
1087 4895 1232 4944 senatoriae
1251 4894 1411 4944 condicionis
1431 4901 1490 4943 sunt
1508 4894 1526 4942 ii
1549 4908 1656 4959 quoque

326 4981 369 5043 qui
388 4985 463 5028 extra
483 4980 579 5029 curium
600 4989 690 5042 essent,
712 4991 739 5031 ut
758 4984 853 5046 puriter
872 4984 898 5032 iu
919 4986 1017 5034 ordinis
1038 4986 1161 5035 vocabulo
1182 4986 1302 5035 variotur.

402 5068 427 5132 ²)
447 5071 487 5120 Itu
507 5072 534 5121 in
553 5071 613 5121 albo
634 5073 764 5122 Canusino
784 5076 834 5123 duo
854 5077 902 5125 viri
923 5078 1123 5142 quinquennales
1143 5079 1185 5142 qui
1210 5079 1237 5126 id
1260 5077 1425 5127 incidendum
1445 5084 1599 5128 curaverunt
1617 5078 1654 5128 le·

324 5171 418 5226 guntur
437 5163 503 5213 inter
521 5164 759 5229 quinquennalieius
777 5167 834 5216 loco
854 5176 978 5218 extremo.
