<?xml version="1.0" encoding="UTF-8"?>
<!DOCTYPE html PUBLIC "-//W3C//DTD XHTML 1.0 Transitional//EN"
    "http://www.w3.org/TR/xhtml1/DTD/xhtml1-transitional.dtd">
<html xmlns="http://www.w3.org/1999/xhtml" xml:lang="en" lang="en">
 <head>
  <title>
</title>
<meta http-equiv="Content-Type" content="text/html;charset=utf-8" />
  <meta name='ocr-system' content='tesseract 3.04.00' />
  <meta name='ocr-capabilities' content='ocr_page ocr_carea ocr_par ocr_line ocrx_word'/>
</head>
<body>
  <div class='ocr_page' id='page_1' title='image "./ephemerisepigra02instgoog_0286.png"; bbox 0 0 3510 5812; ppageno 0'>
   <div class='ocr_carea' id='block_1_1' title="bbox 404 504 1451 604">
    <p class='ocr_par' dir='ltr' id='par_1_1' title="bbox 404 504 1451 604">
     <span class='ocr_line' id='line_1_1' title="bbox 404 504 1451 604; baseline -0.003 -27"><span class='ocrx_word' id='word_1_1' title='bbox 404 524 569 577; x_wconf 77' lang='lat' dir='ltr'><strong>srsaocs</strong></span> <span class='ocrx_word' id='word_1_2' title='bbox 597 524 883 576; x_wconf 78' lang='lat' dir='ltr'><strong>mscmrmonvu</strong></span> <span class='ocrx_word' id='word_1_3' title='bbox 908 524 992 604; x_wconf 79' lang='lat' dir='ltr'><strong>eom</strong></span> <span class='ocrx_word' id='word_1_4' title='bbox 1017 522 1172 576; x_wconf 74' lang='lat' dir='ltr'><strong>nouam.</strong></span> <span class='ocrx_word' id='word_1_5' title='bbox 1378 504 1451 574; x_wconf 74' lang='lat'><strong>269</strong></span> 
     </span>
    </p>
   </div>
   <div class='ocr_carea' id='block_1_2' title="bbox 135 697 1529 3835">
    <p class='ocr_par' dir='ltr' id='par_1_2' title="bbox 135 697 1529 3835">
     <span class='ocr_line' id='line_1_2' title="bbox 158 697 1450 774; baseline -0.001 -20"><span class='ocrx_word' id='word_1_6' title='bbox 158 706 256 756; x_wconf 91' lang='lat' dir='ltr'><strong>autem</strong></span> <span class='ocrx_word' id='word_1_7' title='bbox 283 716 409 757; x_wconf 91' lang='lat' dir='ltr'><strong>numero</strong></span> <span class='ocrx_word' id='word_1_8' title='bbox 438 708 551 774; x_wconf 85' lang='lat' dir='ltr'>septem</span> <span class='ocrx_word' id='word_1_9' title='bbox 580 698 655 772; x_wconf 89' lang='lat' dir='ltr'><strong>(tres</strong></span> <span class='ocrx_word' id='word_1_10' title='bbox 678 707 803 756; x_wconf 85' lang='lat' dir='ltr'><strong>noverat</strong></span> <span class='ocrx_word' id='word_1_11' title='bbox 824 697 994 772; x_wconf 89' lang='lat' dir='ltr'><strong>Bunsenus)</strong></span> <span class='ocrx_word' id='word_1_12' title='bbox 1021 697 1099 756; x_wconf 86' lang='lat' dir='ltr'><strong>altae</strong></span> <span class='ocrx_word' id='word_1_13' title='bbox 1126 698 1195 773; x_wconf 89' lang='lat' dir='ltr'><strong>plus</strong></span> <span class='ocrx_word' id='word_1_14' title='bbox 1222 697 1321 756; x_wconf 89' lang='lat' dir='ltr'><strong>minus</strong></span> <span class='ocrx_word' id='word_1_15' title='bbox 1344 717 1382 754; x_wconf 93' lang='lat' dir='ltr'><strong>m.</strong></span> <span class='ocrx_word' id='word_1_16' title='bbox 1400 697 1450 768; x_wconf 88' lang='lat'><strong>3,0</strong></span> 
     </span>
     <span class='ocr_line' id='line_1_3' title="bbox 159 799 1450 878; baseline -0.002 -20"><span class='ocrx_word' id='word_1_17' title='bbox 159 818 194 858; x_wconf 93' lang='lat' dir='ltr'><strong>ac</strong></span> <span class='ocrx_word' id='word_1_18' title='bbox 216 800 278 857; x_wconf 90' lang='lat' dir='ltr'><strong>sere</strong></span> <span class='ocrx_word' id='word_1_19' title='bbox 299 800 367 858; x_wconf 89' lang='lat' dir='ltr'><strong>luce</strong></span> <span class='ocrx_word' id='word_1_20' title='bbox 388 801 524 877; x_wconf 81' lang='lat' dir='ltr'><strong>privatae</strong></span> <span class='ocrx_word' id='word_1_21' title='bbox 548 800 588 877; x_wconf 88' lang='lat' dir='ltr'><strong>(v.</strong></span> <span class='ocrx_word' id='word_1_22' title='bbox 613 803 711 878; x_wconf 80' lang='lat' dir='ltr'><strong>imago</strong></span> <span class='ocrx_word' id='word_1_23' title='bbox 734 801 816 875; x_wconf 92' lang='lat' dir='ltr'><strong>phot.</strong></span> <span class='ocrx_word' id='word_1_24' title='bbox 841 800 920 876; x_wconf 88' lang='lat' dir='ltr'><strong>apud</strong></span> <span class='ocrx_word' id='word_1_25' title='bbox 943 799 1109 858; x_wconf 89' lang='lat' dir='ltr'><strong>Parkerum</strong></span> <span class='ocrx_word' id='word_1_26' title='bbox 1125 799 1195 860; x_wconf 88' lang='lat' dir='ltr'><strong>For.</strong></span> <span class='ocrx_word' id='word_1_27' title='bbox 1211 800 1252 877; x_wconf 93' lang='lat' dir='ltr'><strong>pl.</strong></span> <span class='ocrx_word' id='word_1_28' title='bbox 1268 799 1340 876; x_wconf 88' lang='lat' dir='ltr'><strong>IX),</strong></span> <span class='ocrx_word' id='word_1_29' title='bbox 1363 818 1450 874; x_wconf 92' lang='lat' dir='ltr'><strong>prae·</strong></span> 
     </span>
     <span class='ocr_line' id='line_1_4' title="bbox 158 900 1450 979; baseline 0 -21"><span class='ocrx_word' id='word_1_30' title='bbox 158 902 260 960; x_wconf 90' lang='lat' dir='ltr'><strong>sertim</strong></span> <span class='ocrx_word' id='word_1_31' title='bbox 288 921 355 960; x_wconf 90' lang='lat' dir='ltr'><strong>cum</strong></span> <span class='ocrx_word' id='word_1_32' title='bbox 383 903 525 977; x_wconf 89' lang='lat' dir='ltr'><strong>templum</strong></span> <span class='ocrx_word' id='word_1_33' title='bbox 553 900 736 977; x_wconf 84' lang='lat' dir='ltr'>Vespasiani</span> <span class='ocrx_word' id='word_1_34' title='bbox 763 903 822 959; x_wconf 90' lang='lat' dir='ltr'><strong>alte</strong></span> <span class='ocrx_word' id='word_1_35' title='bbox 851 903 1054 961; x_wconf 89' lang='lat' dir='ltr'><strong>substructum</strong></span> <span class='ocrx_word' id='word_1_36' title='bbox 1082 913 1112 960; x_wconf 90' lang='lat' dir='ltr'><strong>et</strong></span> <span class='ocrx_word' id='word_1_37' title='bbox 1133 903 1308 979; x_wconf 81' lang='lat' dir='ltr'>angiportus</span> <span class='ocrx_word' id='word_1_38' title='bbox 1331 901 1450 977; x_wconf 84' lang='lat' dir='ltr'><strong>angusti</strong></span> 
     </span>
     <span class='ocr_line' id='line_1_5' title="bbox 160 1004 1451 1082; baseline 0 -23"><span class='ocrx_word' id='word_1_39' title='bbox 160 1004 259 1078; x_wconf 89' lang='lat' dir='ltr'><strong>spatio</strong></span> <span class='ocrx_word' id='word_1_40' title='bbox 281 1004 461 1081; x_wconf 90' lang='lat' dir='ltr'><strong>diremptum</strong></span> <span class='ocrx_word' id='word_1_41' title='bbox 484 1004 647 1076; x_wconf 89' lang='lat' dir='ltr'><strong>obstiterit;</strong></span> <span class='ocrx_word' id='word_1_42' title='bbox 670 1011 703 1062; x_wconf 90' lang='lat' dir='ltr'><strong>ut</strong></span> <span class='ocrx_word' id='word_1_43' title='bbox 724 1004 855 1061; x_wconf 81' lang='lat' dir='ltr'><strong>nesciam</strong></span> <span class='ocrx_word' id='word_1_44' title='bbox 875 1004 1024 1081; x_wconf 90' lang='lat' dir='ltr'><strong>quomodo</strong></span> <span class='ocrx_word' id='word_1_45' title='bbox 1047 1005 1078 1063; x_wconf 91' lang='lat' dir='ltr'><strong>in</strong></span> <span class='ocrx_word' id='word_1_46' title='bbox 1100 1005 1147 1062; x_wconf 92' lang='lat' dir='ltr'><strong>his</strong></span> <span class='ocrx_word' id='word_1_47' title='bbox 1170 1005 1284 1081; x_wconf 79' lang='lat' dir='ltr'><strong>cryptis</strong></span> <span class='ocrx_word' id='word_1_48' title='bbox 1307 1004 1451 1082; x_wconf 89' lang='lat' dir='ltr'><strong>caligino-</strong></span> 
     </span>
     <span class='ocr_line' id='line_1_6' title="bbox 158 1106 1451 1182; baseline -0.001 -19"><span class='ocrx_word' id='word_1_49' title='bbox 158 1106 200 1163; x_wconf 90' lang='lat' dir='ltr'><strong>sis</strong></span> <span class='ocrx_word' id='word_1_50' title='bbox 229 1115 318 1182; x_wconf 89' lang='lat' dir='ltr'><strong>atque</strong></span> <span class='ocrx_word' id='word_1_51' title='bbox 341 1106 492 1181; x_wconf 86' lang='lat' dir='ltr'><strong>depressis</strong></span> <span class='ocrx_word' id='word_1_52' title='bbox 515 1107 631 1165; x_wconf 89' lang='lat' dir='ltr'><strong>scribae</strong></span> <span class='ocrx_word' id='word_1_53' title='bbox 653 1106 770 1163; x_wconf 90' lang='lat' dir='ltr'><strong>librarii</strong></span> <span class='ocrx_word' id='word_1_54' title='bbox 792 1107 958 1164; x_wconf 79' lang='lat' dir='ltr'><strong>consistere</strong></span> <span class='ocrx_word' id='word_1_55' title='bbox 980 1106 1140 1182; x_wconf 90' lang='lat' dir='ltr'><strong>potuerint.</strong></span> <span class='ocrx_word' id='word_1_56' title='bbox 1184 1124 1239 1164; x_wconf 90' lang='lat' dir='ltr'><strong>nec</strong></span> <span class='ocrx_word' id='word_1_57' title='bbox 1260 1114 1451 1181; x_wconf 88' lang='lat' dir='ltr'><strong>potestante</strong></span> 
     </span>
     <span class='ocr_line' id='line_1_7' title="bbox 159 1207 1450 1285; baseline 0.002 -22"><span class='ocrx_word' id='word_1_58' title='bbox 159 1208 238 1266; x_wconf 90' lang='lat' dir='ltr'><strong>ostia</strong></span> <span class='ocrx_word' id='word_1_59' title='bbox 263 1227 364 1266; x_wconf 89' lang='lat' dir='ltr'><strong>earum</strong></span> <span class='ocrx_word' id='word_1_60' title='bbox 390 1209 523 1284; x_wconf 87' lang='lat' dir='ltr'><strong>porticus</strong></span> <span class='ocrx_word' id='word_1_61' title='bbox 553 1207 676 1266; x_wconf 88' lang='lat' dir='ltr'><strong>scholae</strong></span> <span class='ocrx_word' id='word_1_62' title='bbox 698 1208 804 1278; x_wconf 88' lang='lat' dir='ltr'><strong>fuisse,</strong></span> <span class='ocrx_word' id='word_1_63' title='bbox 830 1209 940 1285; x_wconf 87' lang='lat' dir='ltr'><strong>quippe</strong></span> <span class='ocrx_word' id='word_1_64' title='bbox 962 1226 1039 1284; x_wconf 91' lang='lat' dir='ltr'><strong>quac</strong></span> <span class='ocrx_word' id='word_1_65' title='bbox 1064 1208 1096 1266; x_wconf 90' lang='lat' dir='ltr'><strong>in</strong></span> <span class='ocrx_word' id='word_1_66' title='bbox 1118 1212 1196 1266; x_wconf 88' lang='lat' dir='ltr'><strong>viam</strong></span> <span class='ocrx_word' id='word_1_67' title='bbox 1219 1219 1252 1266; x_wconf 90' lang='lat' dir='ltr'><strong>ut</strong></span> <span class='ocrx_word' id='word_1_68' title='bbox 1274 1208 1337 1266; x_wconf 78' lang='lat' dir='ltr'><strong>dixi</strong></span> <span class='ocrx_word' id='word_1_69' title='bbox 1359 1226 1450 1284; x_wconf 88' lang='lat' dir='ltr'><strong>angu-</strong></span> 
     </span>
     <span class='ocr_line' id='line_1_8' title="bbox 158 1309 1451 1387; baseline -0.001 -20"><span class='ocrx_word' id='word_1_70' title='bbox 158 1316 236 1367; x_wconf 89' lang='lat' dir='ltr'><strong>stam</strong></span> <span class='ocrx_word' id='word_1_71' title='bbox 263 1320 386 1386; x_wconf 86' lang='lat' dir='ltr'><strong>patesnt</strong></span> <span class='ocrx_word' id='word_1_72' title='bbox 412 1310 493 1368; x_wconf 91' lang='lat' dir='ltr'><strong>nullo</strong></span> <span class='ocrx_word' id='word_1_73' title='bbox 516 1320 649 1387; x_wconf 90' lang='lat' dir='ltr'><strong>tempore</strong></span> <span class='ocrx_word' id='word_1_74' title='bbox 670 1310 742 1386; x_wconf 91' lang='lat' dir='ltr'><strong>pilis</strong></span> <span class='ocrx_word' id='word_1_75' title='bbox 765 1309 950 1368; x_wconf 80' lang='lat' dir='ltr'><strong>columnisve</strong></span> <span class='ocrx_word' id='word_1_76' title='bbox 979 1309 1170 1368; x_wconf 83' lang='lat' dir='ltr'><strong>conlocandis</strong></span> <span class='ocrx_word' id='word_1_77' title='bbox 1196 1319 1306 1387; x_wconf 84' lang='lat' dir='ltr'><strong>aptam.</strong></span> <span class='ocrx_word' id='word_1_78' title='bbox 1350 1309 1451 1384; x_wconf 90' lang='lat' dir='ltr'><strong>itaque</strong></span> 
     </span>
     <span class='ocr_line' id='line_1_9' title="bbox 160 1409 1450 1488; baseline -0.001 -19"><span class='ocrx_word' id='word_1_79' title='bbox 160 1430 197 1469; x_wconf 91' lang='lat' dir='ltr'><strong>ne</strong></span> <span class='ocrx_word' id='word_1_80' title='bbox 223 1411 280 1468; x_wconf 92' lang='lat' dir='ltr'><strong>hoc</strong></span> <span class='ocrx_word' id='word_1_81' title='bbox 306 1412 426 1487; x_wconf 90' lang='lat' dir='ltr'><strong>quidem</strong></span> <span class='ocrx_word' id='word_1_82' title='bbox 449 1411 589 1469; x_wconf 89' lang='lat' dir='ltr'><strong>Dutertio</strong></span> <span class='ocrx_word' id='word_1_83' title='bbox 611 1411 740 1486; x_wconf 84' lang='lat' dir='ltr'><strong>(Forum</strong></span> <span class='ocrx_word' id='word_1_84' title='bbox 763 1432 792 1488; x_wconf 86' lang='lat' dir='ltr'><strong>p.</strong></span> <span class='ocrx_word' id='word_1_85' title='bbox 812 1409 864 1485; x_wconf 77' lang='lat'><strong>12)</strong></span> <span class='ocrx_word' id='word_1_86' title='bbox 892 1411 1054 1469; x_wconf 88' lang='lat' dir='ltr'><strong>concedam</strong></span> <span class='ocrx_word' id='word_1_87' title='bbox 1083 1411 1113 1470; x_wconf 91' lang='lat' dir='ltr'><strong>in</strong></span> <span class='ocrx_word' id='word_1_88' title='bbox 1142 1412 1227 1470; x_wconf 91' lang='lat' dir='ltr'><strong>cellis</strong></span> <span class='ocrx_word' id='word_1_89' title='bbox 1250 1411 1312 1469; x_wconf 92' lang='lat' dir='ltr'><strong>illis</strong></span> <span class='ocrx_word' id='word_1_90' title='bbox 1336 1421 1450 1488; x_wconf 82' lang='lat' dir='ltr'><strong>septem</strong></span> 
     </span>
     <span class='ocr_line' id='line_1_10' title="bbox 157 1512 1451 1590; baseline 0.001 -22"><span class='ocrx_word' id='word_1_91' title='bbox 157 1516 295 1588; x_wconf 74' lang='lat' dir='ltr'><strong>imapines</strong></span> <span class='ocrx_word' id='word_1_92' title='bbox 321 1525 472 1589; x_wconf 70' lang='lat' dir='ltr'><strong>argenteas</strong></span> <span class='ocrx_word' id='word_1_93' title='bbox 494 1515 609 1572; x_wconf 67' lang='lat' dir='ltr'><strong>deorsum</strong></span> <span class='ocrx_word' id='word_1_94' title='bbox 631 1523 735 1589; x_wconf 78' lang='lat' dir='ltr'><strong>septem</strong></span> <span class='ocrx_word' id='word_1_95' title='bbox 765 1514 823 1588; x_wconf 87' lang='lat' dir='ltr'><strong>(tit.</strong></span> <span class='ocrx_word' id='word_1_96' title='bbox 847 1514 878 1590; x_wconf 93' lang='lat' dir='ltr'><strong>c)</strong></span> <span class='ocrx_word' id='word_1_97' title='bbox 906 1513 1069 1572; x_wconf 88' lang='lat' dir='ltr'><strong>collocatas</strong></span> <span class='ocrx_word' id='word_1_98' title='bbox 1097 1513 1193 1572; x_wconf 84' lang='lat' dir='ltr'><strong>luisse</strong></span> <span class='ocrx_word' id='word_1_99' title='bbox 1216 1514 1274 1571; x_wconf 92' lang='lat' dir='ltr'><strong>nisi</strong></span> <span class='ocrx_word' id='word_1_100' title='bbox 1297 1512 1353 1571; x_wconf 87' lang='lat' dir='ltr'><strong>has</strong></span> <span class='ocrx_word' id='word_1_101' title='bbox 1376 1530 1451 1588; x_wconf 87' lang='lat' dir='ltr'><strong>quas</strong></span> 
     </span>
     <span class='ocr_line' id='line_1_11' title="bbox 158 1614 1452 1692; baseline -0.002 -20"><span class='ocrx_word' id='word_1_102' title='bbox 158 1614 286 1691; x_wconf 89' lang='lat' dir='ltr'><strong>exposui</strong></span> <span class='ocrx_word' id='word_1_103' title='bbox 309 1615 441 1674; x_wconf 89' lang='lat' dir='ltr'><strong>rationes</strong></span> <span class='ocrx_word' id='word_1_104' title='bbox 463 1616 660 1692; x_wconf 86' lang='lat' dir='ltr'><strong>redarguerit.</strong></span> <span class='ocrx_word' id='word_1_105' title='bbox 675 1648 716 1660; x_wconf 91' lang='lat'>-</span> <span class='ocrx_word' id='word_1_106' title='bbox 732 1616 840 1691; x_wconf 91' lang='lat' dir='ltr'><strong>quodsi</strong></span> <span class='ocrx_word' id='word_1_107' title='bbox 862 1634 991 1692; x_wconf 84' lang='lat' dir='ltr'><strong>quaeras</strong></span> <span class='ocrx_word' id='word_1_108' title='bbox 1013 1615 1064 1673; x_wconf 93' lang='lat' dir='ltr'><strong>ubi</strong></span> <span class='ocrx_word' id='word_1_109' title='bbox 1088 1615 1220 1673; x_wconf 86' lang='lat' dir='ltr'><strong>scholam</strong></span> <span class='ocrx_word' id='word_1_110' title='bbox 1243 1615 1339 1674; x_wconf 82' lang='lat' dir='ltr'><strong>luisse</strong></span> <span class='ocrx_word' id='word_1_111' title='bbox 1368 1615 1452 1689; x_wconf 92' lang='lat' dir='ltr'><strong>equi·</strong></span> 
     </span>
     <span class='ocr_line' id='line_1_12' title="bbox 135 1715 1454 1788; baseline 0.001 -16"><span class='ocrx_word' id='word_1_112' title='bbox 135 1760 141 1779; x_wconf 85' lang='lat'>.</span> <span class='ocrx_word' id='word_1_113' title='bbox 159 1715 225 1773; x_wconf 89' lang='lat' dir='ltr'><strong>dem</strong></span> <span class='ocrx_word' id='word_1_114' title='bbox 248 1717 426 1788; x_wconf 84' lang='lat' dir='ltr'><strong>existimem,</strong></span> <span class='ocrx_word' id='word_1_115' title='bbox 448 1718 546 1775; x_wconf 86' lang='lat' dir='ltr'><strong>fateor</strong></span> <span class='ocrx_word' id='word_1_116' title='bbox 567 1738 615 1776; x_wconf 90' lang='lat' dir='ltr'><strong>me</strong></span> <span class='ocrx_word' id='word_1_117' title='bbox 638 1717 774 1776; x_wconf 88' lang='lat' dir='ltr'><strong>dubitare</strong></span> <span class='ocrx_word' id='word_1_118' title='bbox 796 1737 834 1775; x_wconf 90' lang='lat' dir='ltr'><strong>an</strong></span> <span class='ocrx_word' id='word_1_119' title='bbox 857 1718 979 1775; x_wconf 91' lang='lat' dir='ltr'><strong>omnino</strong></span> <span class='ocrx_word' id='word_1_120' title='bbox 995 1717 1145 1775; x_wconf 87' lang='lat' dir='ltr'><strong>Marlianii</strong></span> <span class='ocrx_word' id='word_1_121' title='bbox 1168 1724 1198 1775; x_wconf 91' lang='lat' dir='ltr'><strong>et</strong></span> <span class='ocrx_word' id='word_1_122' title='bbox 1220 1717 1348 1775; x_wconf 89' lang='lat' dir='ltr'><strong>Manutii</strong></span> <span class='ocrx_word' id='word_1_123' title='bbox 1371 1718 1454 1776; x_wconf 88' lang='lat' dir='ltr'><strong>testi·</strong></span> 
     </span>
     <span class='ocr_line' id='line_1_13' title="bbox 160 1814 1453 1897; baseline 0.002 -23"><span class='ocrx_word' id='word_1_124' title='bbox 160 1819 262 1876; x_wconf 88' lang='lat' dir='ltr'><strong>monia</strong></span> <span class='ocrx_word' id='word_1_125' title='bbox 287 1837 365 1894; x_wconf 91' lang='lat' dir='ltr'><strong>quae</strong></span> <span class='ocrx_word' id='word_1_126' title='bbox 393 1828 462 1877; x_wconf 90' lang='lat' dir='ltr'><strong>sunt</strong></span> <span class='ocrx_word' id='word_1_127' title='bbox 487 1815 557 1877; x_wconf 87' lang='lat' dir='ltr'><strong>‘svs</strong></span> <span class='ocrx_word' id='word_1_128' title='bbox 584 1814 710 1897; x_wconf 87' lang='lat' dir='ltr'><strong>templo’</strong></span> <span class='ocrx_word' id='word_1_129' title='bbox 737 1817 871 1890; x_wconf 87' lang='lat' dir='ltr'><strong>Saturni,</strong></span> <span class='ocrx_word' id='word_1_130' title='bbox 897 1815 1016 1896; x_wconf 88' lang='lat' dir='ltr'><strong>‘presso</strong></span> <span class='ocrx_word' id='word_1_131' title='bbox 1044 1819 1135 1878; x_wconf 89' lang='lat' dir='ltr'><strong>l&#39;arco</strong></span> <span class='ocrx_word' id='word_1_132' title='bbox 1157 1819 1187 1875; x_wconf 91' lang='lat' dir='ltr'><strong>di</strong></span> <span class='ocrx_word' id='word_1_133' title='bbox 1210 1814 1362 1878; x_wconf 89' lang='lat' dir='ltr'><strong>Settimio’</strong></span> <span class='ocrx_word' id='word_1_134' title='bbox 1389 1820 1453 1877; x_wconf 92' lang='lat' dir='ltr'><strong>iure</strong></span> 
     </span>
     <span class='ocr_line' id='line_1_14' title="bbox 157 1913 1529 1996; baseline 0 -19"><span class='ocrx_word' id='word_1_135' title='bbox 157 1929 298 1996; x_wconf 90' lang='lat' dir='ltr'><strong>putentur</strong></span> <span class='ocrx_word' id='word_1_136' title='bbox 325 1920 363 1978; x_wconf 90' lang='lat' dir='ltr'><strong>ad</strong></span> <span class='ocrx_word' id='word_1_137' title='bbox 390 1919 487 1978; x_wconf 91' lang='lat' dir='ltr'><strong>locum</strong></span> <span class='ocrx_word' id='word_1_138' title='bbox 518 1940 624 1980; x_wconf 88' lang='lat' dir='ltr'><strong>revera</strong></span> <span class='ocrx_word' id='word_1_139' title='bbox 650 1941 704 1979; x_wconf 91' lang='lat' dir='ltr'><strong>nec</strong></span> <span class='ocrx_word' id='word_1_140' title='bbox 732 1921 787 1979; x_wconf 93' lang='lat' dir='ltr'><strong>sub</strong></span> <span class='ocrx_word' id='word_1_141' title='bbox 808 1921 921 1996; x_wconf 90' lang='lat' dir='ltr'><strong>templo</strong></span> <span class='ocrx_word' id='word_1_142' title='bbox 947 1939 1043 1996; x_wconf 90' lang='lat' dir='ltr'><strong>neque</strong></span> <span class='ocrx_word' id='word_1_143' title='bbox 1066 1922 1103 1978; x_wconf 92' lang='lat' dir='ltr'><strong>ad</strong></span> <span class='ocrx_word' id='word_1_144' title='bbox 1126 1939 1228 1978; x_wconf 89' lang='lat' dir='ltr'><strong>arcum</strong></span> <span class='ocrx_word' id='word_1_145' title='bbox 1252 1921 1341 1978; x_wconf 91' lang='lat' dir='ltr'><strong>situm</strong></span> <span class='ocrx_word' id='word_1_146' title='bbox 1363 1921 1453 1996; x_wconf 93' lang='lat' dir='ltr'><strong>perti·</strong></span> <span class='ocrx_word' id='word_1_147' title='bbox 1523 1913 1529 1924; x_wconf 83' lang='lat'>&#39;</span> 
     </span>
     <span class='ocr_line' id='line_1_15' title="bbox 158 2021 1453 2100; baseline -0.001 -22"><span class='ocrx_word' id='word_1_148' title='bbox 158 2041 238 2080; x_wconf 91' lang='lat' dir='ltr'><strong>nere.</strong></span> <span class='ocrx_word' id='word_1_149' title='bbox 256 2054 294 2064; x_wconf 99' lang='lat'><em>-</em></span> <span class='ocrx_word' id='word_1_150' title='bbox 311 2023 414 2080; x_wconf 90' lang='lat' dir='ltr'><strong>titulos</strong></span> <span class='ocrx_word' id='word_1_151' title='bbox 436 2024 481 2081; x_wconf 92' lang='lat' dir='ltr'><strong>sic</strong></span> <span class='ocrx_word' id='word_1_152' title='bbox 501 2023 584 2081; x_wconf 88' lang='lat' dir='ltr'><strong>dedit</strong></span> <span class='ocrx_word' id='word_1_153' title='bbox 598 2023 776 2081; x_wconf 86' lang='lat' dir='ltr'><strong>Marlianius</strong></span> <span class='ocrx_word' id='word_1_154' title='bbox 793 2022 893 2097; x_wconf 89' lang='lat' dir='ltr'><strong>(cuius</strong></span> <span class='ocrx_word' id='word_1_155' title='bbox 909 2022 1048 2098; x_wconf 85' lang='lat' dir='ltr'><strong>exemplo</strong></span> <span class='ocrx_word' id='word_1_156' title='bbox 1063 2024 1210 2100; x_wconf 91' lang='lat' dir='ltr'><strong>potiorem</strong></span> <span class='ocrx_word' id='word_1_157' title='bbox 1227 2029 1393 2080; x_wconf 90' lang='lat' dir='ltr'><strong>ceterorum</strong></span> <span class='ocrx_word' id='word_1_158' title='bbox 1409 2021 1453 2078; x_wconf 91' lang='lat' dir='ltr'><strong>di-</strong></span> 
     </span>
     <span class='ocr_line' id='line_1_16' title="bbox 160 2117 1451 2201; baseline -0.002 -19"><span class='ocrx_word' id='word_1_159' title='bbox 160 2124 362 2198; x_wconf 85' lang='lat' dir='ltr'><strong>screpantiam</strong></span> <span class='ocrx_word' id='word_1_160' title='bbox 383 2124 542 2201; x_wconf 87' lang='lat' dir='ltr'><strong>inseram):</strong></span> <span class='ocrx_word' id='word_1_161' title='bbox 564 2120 645 2183; x_wconf 86' lang='lat' dir='ltr'><strong>‘nam</strong></span> <span class='ocrx_word' id='word_1_162' title='bbox 660 2141 721 2184; x_wconf 83' lang='lat' dir='ltr'><strong>vno</strong></span> <span class='ocrx_word' id='word_1_163' title='bbox 736 2140 901 2183; x_wconf 73' lang='lat' dir='ltr'><strong>annuntio</strong></span> <span class='ocrx_word' id='word_1_164' title='bbox 916 2139 1080 2182; x_wconf 73' lang='lat' dir='ltr'><strong>musarum</strong></span> <span class='ocrx_word' id='word_1_165' title='bbox 1096 2140 1197 2182; x_wconf 76' lang='lat' dir='ltr'><strong>ranan</strong></span> <span class='ocrx_word' id='word_1_166' title='bbox 1217 2125 1345 2200; x_wconf 88' lang='lat' dir='ltr'><strong>legimus</strong></span> <span class='ocrx_word' id='word_1_167' title='bbox 1360 2117 1451 2182; x_wconf 89' lang='lat' dir='ltr'><strong>hunc’</strong></span> 
     </span>
     <span class='ocr_line' id='line_1_17' title="bbox 162 2225 325 2303; baseline 0 -21"><span class='ocrx_word' id='word_1_168' title='bbox 162 2225 325 2303; x_wconf 86' lang='lat' dir='ltr'><strong>(titulum):</strong></span> 
     </span>
     <span class='ocr_line' id='line_1_18' title="bbox 232 2326 1453 2406; baseline 0.001 -20"><span class='ocrx_word' id='word_1_169' title='bbox 232 2326 279 2403; x_wconf 91' lang='lat' dir='ltr'><strong>(a)</strong></span> <span class='ocrx_word' id='word_1_170' title='bbox 322 2346 346 2386; x_wconf 90' lang='lat' dir='ltr'><strong>c.</strong></span> <span class='ocrx_word' id='word_1_171' title='bbox 362 2329 482 2388; x_wconf 77' lang='lat' dir='ltr'><strong>duillius</strong></span> <span class='ocrx_word' id='word_1_172' title='bbox 497 2328 557 2404; x_wconf 91' lang='lat' dir='ltr'><strong>(sic</strong></span> <span class='ocrx_word' id='word_1_173' title='bbox 573 2331 665 2401; x_wconf 81' lang='lat' dir='ltr'><strong>Man,</strong></span> <span class='ocrx_word' id='word_1_174' title='bbox 680 2330 789 2387; x_wconf 82' lang='lat' dir='ltr'><strong>acilius</strong></span> <span class='ocrx_word' id='word_1_175' title='bbox 805 2328 910 2406; x_wconf 90' lang='lat' dir='ltr'><strong>ceteri)</strong></span> <span class='ocrx_word' id='word_1_176' title='bbox 927 2331 1041 2388; x_wconf 80' lang='lat' dir='ltr'><strong>licinius</strong></span> <span class='ocrx_word' id='word_1_177' title='bbox 1058 2333 1162 2388; x_wconf 84' lang='lat' dir='ltr'><strong>troeius</strong></span> <span class='ocrx_word' id='word_1_178' title='bbox 1178 2339 1295 2388; x_wconf 88' lang='lat' dir='ltr'><strong>curator</strong></span> <span class='ocrx_word' id='word_1_179' title='bbox 1309 2329 1313 2406; x_wconf 77' lang='grc' dir='ltr'>Ι</span> <span class='ocrx_word' id='word_1_180' title='bbox 1327 2328 1453 2387; x_wconf 77' lang='lat' dir='ltr'><strong>scholam</strong></span> 
     </span>
     <span class='ocr_line' id='line_1_19' title="bbox 322 2429 795 2511; baseline 0.002 -23"><span class='ocrx_word' id='word_1_181' title='bbox 322 2431 357 2489; x_wconf 89' lang='lat' dir='ltr'><strong>de</strong></span> <span class='ocrx_word' id='word_1_182' title='bbox 378 2450 429 2489; x_wconf 91' lang='lat' dir='ltr'><strong>suo</strong></span> <span class='ocrx_word' id='word_1_183' title='bbox 444 2433 515 2506; x_wconf 83' lang='lat' dir='ltr'><strong>jecit</strong></span> <span class='ocrx_word' id='word_1_184' title='bbox 537 2432 649 2507; x_wconf 81' lang='lat' dir='ltr'><strong>(refecit</strong></span> <span class='ocrx_word' id='word_1_185' title='bbox 670 2431 766 2507; x_wconf 89' lang='lat' dir='ltr'><strong>Man.)</strong></span> <span class='ocrx_word' id='word_1_186' title='bbox 791 2429 795 2511; x_wconf 73' lang='lat' dir='ltr'><strong>l</strong></span> 
     </span>
     <span class='ocr_line' id='line_1_20' title="bbox 229 2530 1452 2609; baseline 0.001 -20"><span class='ocrx_word' id='word_1_187' title='bbox 229 2530 276 2607; x_wconf 93' lang='lat' dir='ltr'><strong>(b)</strong></span> <span class='ocrx_word' id='word_1_188' title='bbox 320 2531 423 2609; x_wconf 66' lang='lat' dir='ltr'><strong>bebrua</strong></span> <span class='ocrx_word' id='word_1_189' title='bbox 450 2552 515 2609; x_wconf 76' lang='lat' dir='ltr'><strong>aup.</strong></span> <span class='ocrx_word' id='word_1_190' title='bbox 544 2534 563 2590; x_wconf 87' lang='lat' dir='ltr'><strong>l.</strong></span> <span class='ocrx_word' id='word_1_191' title='bbox 592 2536 747 2592; x_wconf 71' lang='lat' dir='ltr'><strong>drusiacus</strong></span> <span class='ocrx_word' id='word_1_192' title='bbox 775 2555 803 2592; x_wconf 90' lang='lat' dir='ltr'><strong>a.</strong></span> <span class='ocrx_word' id='word_1_193' title='bbox 827 2536 930 2609; x_wconf 78' lang='lat' dir='ltr'><strong>jadias</strong></span> <span class='ocrx_word' id='word_1_194' title='bbox 957 2535 1079 2593; x_wconf 73' lang='lat' dir='ltr'><strong>canthus</strong></span> <span class='ocrx_word' id='word_1_195' title='bbox 1107 2553 1166 2593; x_wconf 83' lang='lat' dir='ltr'><strong>eur.</strong></span> <span class='ocrx_word' id='word_1_196' title='bbox 1194 2536 1295 2593; x_wconf 80' lang='lat' dir='ltr'><strong>scribis</strong></span> <span class='ocrx_word' id='word_1_197' title='bbox 1324 2534 1452 2591; x_wconf 85' lang='lat' dir='ltr'><strong>librariis</strong></span> 
     </span>
     <span class='ocr_line' id='line_1_21' title="bbox 322 2628 1453 2713; baseline 0.002 -21"><span class='ocrx_word' id='word_1_198' title='bbox 322 2645 348 2692; x_wconf 92' lang='lat' dir='ltr'><strong>et</strong></span> <span class='ocrx_word' id='word_1_199' title='bbox 371 2628 563 2710; x_wconf 76' lang='lat' dir='ltr'><strong>praeconibus</strong></span> <span class='ocrx_word' id='word_1_200' title='bbox 593 2637 656 2693; x_wconf 88' lang='lat' dir='ltr'><strong>aed.</strong></span> <span class='ocrx_word' id='word_1_201' title='bbox 680 2635 780 2711; x_wconf 85' lang='lat' dir='ltr'><strong>(aedil.</strong></span> <span class='ocrx_word' id='word_1_202' title='bbox 803 2635 909 2710; x_wconf 91' lang='lat' dir='ltr'><strong>ceteri)</strong></span> <span class='ocrx_word' id='word_1_203' title='bbox 937 2654 997 2693; x_wconf 90' lang='lat' dir='ltr'><strong>cur.</strong></span> <span class='ocrx_word' id='word_1_204' title='bbox 1020 2636 1147 2693; x_wconf 82' lang='lat' dir='ltr'><strong>sciolum</strong></span> <span class='ocrx_word' id='word_1_205' title='bbox 1169 2639 1174 2713; x_wconf 72' lang='grc' dir='ltr'>Ι</span> <span class='ocrx_word' id='word_1_206' title='bbox 1198 2637 1234 2694; x_wconf 80' lang='lat' dir='ltr'><strong>ab</strong></span> <span class='ocrx_word' id='word_1_207' title='bbox 1256 2636 1387 2694; x_wconf 72' lang='lat' dir='ltr'><strong>inchoato</strong></span> <span class='ocrx_word' id='word_1_208' title='bbox 1409 2655 1453 2694; x_wconf 84' lang='lat' dir='ltr'><strong>re-</strong></span> 
     </span>
     <span class='ocr_line' id='line_1_22' title="bbox 316 2739 1453 2813; baseline 0.001 -19"><span class='ocrx_word' id='word_1_209' title='bbox 316 2739 449 2812; x_wconf 83' lang='lat' dir='ltr'><strong>fecerunt</strong></span> <span class='ocrx_word' id='word_1_210' title='bbox 467 2739 657 2796; x_wconf 75' lang='lat' dir='ltr'><strong>mansoribus</strong></span> <span class='ocrx_word' id='word_1_211' title='bbox 679 2749 854 2796; x_wconf 84' lang='lat' dir='ltr'><strong>ornaverunt</strong></span> <span class='ocrx_word' id='word_1_212' title='bbox 873 2740 1026 2796; x_wconf 87' lang='lat' dir='ltr'><strong>uictoriam</strong></span> <span class='ocrx_word' id='word_1_213' title='bbox 1047 2750 1199 2813; x_wconf 64' lang='lat' dir='ltr'><strong>augustam</strong></span> <span class='ocrx_word' id='word_1_214' title='bbox 1214 2749 1241 2796; x_wconf 87' lang='lat' dir='ltr'><strong>et</strong></span> <span class='ocrx_word' id='word_1_215' title='bbox 1254 2740 1333 2797; x_wconf 87' lang='lat' dir='ltr'><strong>sedes</strong></span> <span class='ocrx_word' id='word_1_216' title='bbox 1349 2757 1453 2796; x_wconf 85' lang='lat' dir='ltr'><strong>aeneas</strong></span> 
     </span>
     <span class='ocr_line' id='line_1_23' title="bbox 323 2840 1455 2918; baseline 0 -22"><span class='ocrx_word' id='word_1_217' title='bbox 323 2851 349 2897; x_wconf 90' lang='lat' dir='ltr'><strong>et</strong></span> <span class='ocrx_word' id='word_1_218' title='bbox 370 2851 462 2899; x_wconf 89' lang='lat' dir='ltr'><strong>cetera</strong></span> <span class='ocrx_word' id='word_1_219' title='bbox 483 2850 650 2899; x_wconf 83' lang='lat' dir='ltr'><strong>ormaraenta</strong></span> <span class='ocrx_word' id='word_1_220' title='bbox 666 2841 670 2918; x_wconf 75' lang='lat' dir='ltr'><strong>l</strong></span> <span class='ocrx_word' id='word_1_221' title='bbox 688 2843 722 2898; x_wconf 89' lang='lat' dir='ltr'><strong>de</strong></span> <span class='ocrx_word' id='word_1_222' title='bbox 743 2859 797 2898; x_wconf 87' lang='lat' dir='ltr'><strong>sua</strong></span> <span class='ocrx_word' id='word_1_223' title='bbox 815 2845 941 2916; x_wconf 82' lang='lat' dir='ltr'><strong>persenia</strong></span> <span class='ocrx_word' id='word_1_224' title='bbox 957 2843 1091 2916; x_wconf 79' lang='lat' dir='ltr'><strong>jecerunt</strong></span> <span class='ocrx_word' id='word_1_225' title='bbox 1111 2840 1271 2917; x_wconf 54' lang='lat' dir='ltr'><strong>&amp;amanda</strong></span> <span class='ocrx_word' id='word_1_226' title='bbox 1286 2850 1455 2899; x_wconf 82' lang='lat' dir='ltr'><strong>curaverunt</strong></span> 
     </span>
     <span class='ocr_line' id='line_1_24' title="bbox 321 2942 1049 3020; baseline -0.001 -20"><span class='ocrx_word' id='word_1_227' title='bbox 321 2942 485 3016; x_wconf 89' lang='lat' dir='ltr'><strong>Manutius,</strong></span> <span class='ocrx_word' id='word_1_228' title='bbox 508 2944 649 3002; x_wconf 89' lang='lat' dir='ltr'><strong>deficiant</strong></span> <span class='ocrx_word' id='word_1_229' title='bbox 670 2942 741 3002; x_wconf 92' lang='lat' dir='ltr'><strong>Met.</strong></span> <span class='ocrx_word' id='word_1_230' title='bbox 764 2942 883 3020; x_wconf 64' lang='lat' dir='ltr'><strong>Ligus:</strong></span> <span class='ocrx_word' id='word_1_231' title='bbox 907 2945 935 3000; x_wconf 78' lang='lat' dir='ltr'><strong>i.</strong></span> <span class='ocrx_word' id='word_1_232' title='bbox 957 2942 1049 3017; x_wconf 88' lang='lat' dir='ltr'><strong>infra)</strong></span> 
     </span>
     <span class='ocr_line' id='line_1_25' title="bbox 159 3044 967 3122; baseline 0.002 -22"><span class='ocrx_word' id='word_1_233' title='bbox 159 3050 250 3101; x_wconf 88' lang='lat' dir='ltr'><strong>extra</strong></span> <span class='ocrx_word' id='word_1_234' title='bbox 271 3062 343 3101; x_wconf 82' lang='lat' dir='ltr'><strong>vero</strong></span> <span class='ocrx_word' id='word_1_235' title='bbox 365 3044 395 3102; x_wconf 89' lang='lat' dir='ltr'><strong>in</strong></span> <span class='ocrx_word' id='word_1_236' title='bbox 418 3046 522 3104; x_wconf 89' lang='lat' dir='ltr'><strong>eodem</strong></span> <span class='ocrx_word' id='word_1_237' title='bbox 545 3045 686 3122; x_wconf 85' lang='lat' dir='ltr'><strong>epistylio</strong></span> <span class='ocrx_word' id='word_1_238' title='bbox 708 3054 772 3103; x_wconf 91' lang='lat' dir='ltr'><strong>erat</strong></span> <span class='ocrx_word' id='word_1_239' title='bbox 793 3046 842 3103; x_wconf 87' lang='lat' dir='ltr'><strong>hic</strong></span> <span class='ocrx_word' id='word_1_240' title='bbox 863 3045 967 3118; x_wconf 89' lang='lat' dir='ltr'><strong>titulus</strong></span> 
     </span>
     <span class='ocr_line' id='line_1_26' title="bbox 234 3144 1454 3224; baseline 0.004 -22"><span class='ocrx_word' id='word_1_241' title='bbox 234 3144 278 3220; x_wconf 92' lang='lat' dir='ltr'><strong>(c)</strong></span> <span class='ocrx_word' id='word_1_242' title='bbox 322 3146 426 3223; x_wconf 82' lang='lat' dir='ltr'><strong>bebrya</strong></span> <span class='ocrx_word' id='word_1_243' title='bbox 447 3167 513 3224; x_wconf 71' lang='lat' dir='ltr'><strong>aug.</strong></span> <span class='ocrx_word' id='word_1_244' title='bbox 537 3148 556 3204; x_wconf 92' lang='lat' dir='ltr'><strong>l.</strong></span> <span class='ocrx_word' id='word_1_245' title='bbox 573 3149 730 3206; x_wconf 74' lang='lat' dir='ltr'><strong>drusiacus</strong></span> <span class='ocrx_word' id='word_1_246' title='bbox 752 3167 781 3206; x_wconf 87' lang='lat' dir='ltr'><strong>a.</strong></span> <span class='ocrx_word' id='word_1_247' title='bbox 797 3147 901 3223; x_wconf 77' lang='lat' dir='ltr'><strong>fabius</strong></span> <span class='ocrx_word' id='word_1_248' title='bbox 923 3147 1046 3205; x_wconf 77' lang='lat' dir='ltr'><strong>canthus</strong></span> <span class='ocrx_word' id='word_1_249' title='bbox 1069 3165 1129 3204; x_wconf 86' lang='lat' dir='ltr'><strong>eur.</strong></span> <span class='ocrx_word' id='word_1_250' title='bbox 1144 3149 1282 3222; x_wconf 69' lang='lat' dir='ltr'><strong>imagines</strong></span> <span class='ocrx_word' id='word_1_251' title='bbox 1304 3160 1454 3224; x_wconf 69' lang='lat' dir='ltr'><strong>argenteae</strong></span> 
     </span>
     <span class='ocr_line' id='line_1_27' title="bbox 326 3248 1454 3325; baseline 0.002 -20"><span class='ocrx_word' id='word_1_252' title='bbox 326 3249 440 3306; x_wconf 90' lang='lat' dir='ltr'><strong>deorum</strong></span> <span class='ocrx_word' id='word_1_253' title='bbox 463 3261 565 3325; x_wconf 83' lang='lat' dir='ltr'><strong>septem</strong></span> <span class='ocrx_word' id='word_1_254' title='bbox 581 3259 652 3324; x_wconf 85' lang='lat' dir='ltr'><strong>post</strong></span> <span class='ocrx_word' id='word_1_255' title='bbox 671 3250 876 3306; x_wconf 81' lang='lat' dir='ltr'><strong>dedicationem</strong></span> <span class='ocrx_word' id='word_1_256' title='bbox 891 3249 1006 3306; x_wconf 77' lang='lat' dir='ltr'><strong>scholae</strong></span> <span class='ocrx_word' id='word_1_257' title='bbox 1020 3248 1104 3323; x_wconf 84' lang='lat' dir='ltr'><strong>(post</strong></span> <span class='ocrx_word' id='word_1_258' title='bbox 1119 3250 1147 3305; x_wconf 87' lang='lat' dir='ltr'><strong>d.</strong></span> <span class='ocrx_word' id='word_1_259' title='bbox 1162 3267 1186 3306; x_wconf 87' lang='lat' dir='ltr'><strong>e.</strong></span> <span class='ocrx_word' id='word_1_260' title='bbox 1202 3268 1260 3306; x_wconf 91' lang='lat' dir='ltr'><strong>om.</strong></span> <span class='ocrx_word' id='word_1_261' title='bbox 1276 3249 1369 3321; x_wconf 77' lang='lat' dir='ltr'><strong>Man,</strong></span> <span class='ocrx_word' id='word_1_262' title='bbox 1391 3269 1454 3307; x_wconf 89' lang='lat' dir='ltr'><strong>rum</strong></span> 
     </span>
     <span class='ocr_line' id='line_1_28' title="bbox 325 3348 1455 3425; baseline 0.003 -19"><span class='ocrx_word' id='word_1_263' title='bbox 325 3360 428 3424; x_wconf 85' lang='lat' dir='ltr'><strong>septem</strong></span> <span class='ocrx_word' id='word_1_264' title='bbox 446 3370 478 3425; x_wconf 84' lang='lat' dir='ltr'><strong>p.</strong></span> <span class='ocrx_word' id='word_1_265' title='bbox 500 3352 528 3408; x_wconf 88' lang='lat' dir='ltr'><strong>d.</strong></span> <span class='ocrx_word' id='word_1_266' title='bbox 545 3369 568 3408; x_wconf 92' lang='lat' dir='ltr'><strong>s.</strong></span> <span class='ocrx_word' id='word_1_267' title='bbox 585 3370 644 3408; x_wconf 83' lang='lat' dir='ltr'><strong>om.</strong></span> <span class='ocrx_word' id='word_1_268' title='bbox 660 3348 776 3425; x_wconf 85' lang='lat' dir='ltr'><strong>Ligur.)</strong></span> <span class='ocrx_word' id='word_1_269' title='bbox 801 3351 805 3425; x_wconf 76' lang='lat' dir='ltr'><strong>l</strong></span> <span class='ocrx_word' id='word_1_270' title='bbox 830 3359 855 3407; x_wconf 88' lang='lat' dir='ltr'><strong>et</strong></span> <span class='ocrx_word' id='word_1_271' title='bbox 876 3351 998 3408; x_wconf 87' lang='lat' dir='ltr'><strong>mutulos</strong></span> <span class='ocrx_word' id='word_1_272' title='bbox 1022 3369 1083 3409; x_wconf 87' lang='lat' dir='ltr'><strong>cum</strong></span> <span class='ocrx_word' id='word_1_273' title='bbox 1106 3350 1212 3408; x_wconf 81' lang='lat' dir='ltr'><strong>tabella</strong></span> <span class='ocrx_word' id='word_1_274' title='bbox 1233 3369 1321 3409; x_wconf 88' lang='lat' dir='ltr'><strong>aenea</strong></span> <span class='ocrx_word' id='word_1_275' title='bbox 1344 3353 1379 3409; x_wconf 90' lang='lat' dir='ltr'><strong>de</strong></span> <span class='ocrx_word' id='word_1_276' title='bbox 1400 3371 1455 3409; x_wconf 89' lang='lat' dir='ltr'><strong>sua</strong></span> 
     </span>
     <span class='ocr_line' id='line_1_29' title="bbox 319 3447 900 3527; baseline 0.002 -18"><span class='ocrx_word' id='word_1_277' title='bbox 319 3456 444 3527; x_wconf 77' lang='lat' dir='ltr'><strong>pemseia</strong></span> <span class='ocrx_word' id='word_1_278' title='bbox 465 3453 602 3510; x_wconf 88' lang='lat' dir='ltr'><strong>dederunt</strong></span> <span class='ocrx_word' id='word_1_279' title='bbox 623 3451 772 3527; x_wconf 83' lang='lat' dir='ltr'><strong>(fecerunt</strong></span> <span class='ocrx_word' id='word_1_280' title='bbox 790 3447 900 3525; x_wconf 86' lang='lat' dir='ltr'><strong>Met.)&#39;.</strong></span> 
     </span>
     <span class='ocr_line' id='line_1_30' title="bbox 162 3552 1453 3634; baseline 0.001 -23"><span class='ocrx_word' id='word_1_281' title='bbox 162 3553 209 3612; x_wconf 81' lang='lat' dir='ltr'><strong>his</strong></span> <span class='ocrx_word' id='word_1_282' title='bbox 232 3553 346 3612; x_wconf 88' lang='lat' dir='ltr'><strong>accedit</strong></span> <span class='ocrx_word' id='word_1_283' title='bbox 368 3554 473 3612; x_wconf 88' lang='lat' dir='ltr'><strong>titulus</strong></span> <span class='ocrx_word' id='word_1_284' title='bbox 495 3573 514 3612; x_wconf 91' lang='lat' dir='ltr'><strong>a</strong></span> <span class='ocrx_word' id='word_1_285' title='bbox 533 3552 693 3611; x_wconf 90' lang='lat' dir='ltr'><strong>Marlianio</strong></span> <span class='ocrx_word' id='word_1_286' title='bbox 716 3553 858 3624; x_wconf 89' lang='lat' dir='ltr'><strong>omissus,</strong></span> <span class='ocrx_word' id='word_1_287' title='bbox 881 3553 1079 3634; x_wconf 89' lang='lat' dir='ltr'><strong>transcriptus</strong></span> <span class='ocrx_word' id='word_1_288' title='bbox 1102 3574 1121 3613; x_wconf 91' lang='lat' dir='ltr'><strong>a</strong></span> <span class='ocrx_word' id='word_1_289' title='bbox 1134 3554 1256 3613; x_wconf 85' lang='lat' dir='ltr'><strong>Metello</strong></span> <span class='ocrx_word' id='word_1_290' title='bbox 1272 3555 1453 3631; x_wconf 88' lang='lat' dir='ltr'><strong>ceterisque:</strong></span> 
     </span>
     <span class='ocr_line' id='line_1_31' title="bbox 232 3654 1453 3732; baseline 0.001 -18"><span class='ocrx_word' id='word_1_291' title='bbox 232 3657 279 3732; x_wconf 91' lang='lat' dir='ltr'><strong>(d)</strong></span> <span class='ocrx_word' id='word_1_292' title='bbox 323 3677 351 3714; x_wconf 88' lang='lat' dir='ltr'><strong>a.</strong></span> <span class='ocrx_word' id='word_1_293' title='bbox 371 3656 474 3731; x_wconf 77' lang='lat' dir='ltr'><strong>fabius</strong></span> <span class='ocrx_word' id='word_1_294' title='bbox 499 3655 622 3714; x_wconf 80' lang='lat' dir='ltr'><strong>xanthus</strong></span> <span class='ocrx_word' id='word_1_295' title='bbox 648 3654 752 3730; x_wconf 79' lang='lat' dir='ltr'><strong>bebrya</strong></span> <span class='ocrx_word' id='word_1_296' title='bbox 777 3674 844 3730; x_wconf 73' lang='lat' dir='ltr'><strong>aug.</strong></span> <span class='ocrx_word' id='word_1_297' title='bbox 873 3655 892 3712; x_wconf 89' lang='lat' dir='ltr'><strong>l.</strong></span> <span class='ocrx_word' id='word_1_298' title='bbox 921 3657 1076 3715; x_wconf 82' lang='lat' dir='ltr'><strong>drusianae</strong></span> <span class='ocrx_word' id='word_1_299' title='bbox 1104 3675 1165 3716; x_wconf 86' lang='lat' dir='ltr'><strong>cur.</strong></span> <span class='ocrx_word' id='word_1_300' title='bbox 1189 3657 1315 3716; x_wconf 76' lang='lat' dir='ltr'><strong>sedatam</strong></span> <span class='ocrx_word' id='word_1_301' title='bbox 1342 3676 1367 3715; x_wconf 87' lang='lat' dir='ltr'><strong>e.</strong></span> <span class='ocrx_word' id='word_1_302' title='bbox 1383 3674 1412 3732; x_wconf 91' lang='lat' dir='ltr'><strong>q.</strong></span> <span class='ocrx_word' id='word_1_303' title='bbox 1429 3674 1453 3715; x_wconf 89' lang='lat' dir='ltr'><strong>s.</strong></span> 
     </span>
     <span class='ocr_line' id='line_1_32' title="bbox 326 3756 1261 3835; baseline -0.002 -18"><span class='ocrx_word' id='word_1_304' title='bbox 326 3776 459 3835; x_wconf 87' lang='lat' dir='ltr'><strong>congrua</strong></span> <span class='ocrx_word' id='word_1_305' title='bbox 480 3757 580 3815; x_wconf 85' lang='lat' dir='ltr'><strong>verbis</strong></span> <span class='ocrx_word' id='word_1_306' title='bbox 602 3756 680 3815; x_wconf 88' lang='lat' dir='ltr'><strong>tituli</strong></span> <span class='ocrx_word' id='word_1_307' title='bbox 701 3758 720 3814; x_wconf 94' lang='lat' dir='ltr'>b</span> <span class='ocrx_word' id='word_1_308' title='bbox 743 3773 838 3833; x_wconf 91' lang='lat' dir='ltr'><strong>usque</strong></span> <span class='ocrx_word' id='word_1_309' title='bbox 861 3757 899 3814; x_wconf 89' lang='lat' dir='ltr'><strong>ad</strong></span> <span class='ocrx_word' id='word_1_310' title='bbox 921 3767 1088 3817; x_wconf 87' lang='lat' dir='ltr'><strong>ornamenta</strong></span> <span class='ocrx_word' id='word_1_311' title='bbox 1110 3759 1261 3816; x_wconf 84' lang='lat' dir='ltr'><strong>dederunt:</strong></span> 
     </span>
    </p>
   </div>
   <div class='ocr_carea' id='block_1_3' title="bbox 161 3858 1456 4530">
    <p class='ocr_par' dir='ltr' id='par_1_3' title="bbox 161 3858 1456 4530">
     <span class='ocr_line' id='line_1_33' title="bbox 162 3858 1454 3937; baseline -0.002 -19"><span class='ocrx_word' id='word_1_312' title='bbox 162 3861 193 3918; x_wconf 90' lang='lat' dir='ltr'><strong>in</strong></span> <span class='ocrx_word' id='word_1_313' title='bbox 220 3878 280 3936; x_wconf 89' lang='lat' dir='ltr'><strong>quo</strong></span> <span class='ocrx_word' id='word_1_314' title='bbox 308 3860 395 3919; x_wconf 90' lang='lat' dir='ltr'><strong>titulo</strong></span> <span class='ocrx_word' id='word_1_315' title='bbox 422 3861 480 3918; x_wconf 91' lang='lat' dir='ltr'><strong>hoc</strong></span> <span class='ocrx_word' id='word_1_316' title='bbox 507 3859 625 3930; x_wconf 91' lang='lat' dir='ltr'><strong>mirum,</strong></span> <span class='ocrx_word' id='word_1_317' title='bbox 652 3859 733 3933; x_wconf 90' lang='lat' dir='ltr'><strong>quod</strong></span> <span class='ocrx_word' id='word_1_318' title='bbox 760 3876 826 3915; x_wconf 90' lang='lat' dir='ltr'><strong>curn</strong></span> <span class='ocrx_word' id='word_1_319' title='bbox 855 3858 894 3916; x_wconf 87' lang='lat' dir='ltr'><strong>sit</strong></span> <span class='ocrx_word' id='word_1_320' title='bbox 915 3858 1005 3934; x_wconf 90' lang='lat' dir='ltr'><strong>plane</strong></span> <span class='ocrx_word' id='word_1_321' title='bbox 1027 3858 1163 3935; x_wconf 88' lang='lat' dir='ltr'><strong>geminus</strong></span> <span class='ocrx_word' id='word_1_322' title='bbox 1185 3859 1272 3917; x_wconf 89' lang='lat' dir='ltr'><strong>titulo</strong></span> <span class='ocrx_word' id='word_1_323' title='bbox 1293 3861 1313 3917; x_wconf 92' lang='lat' dir='ltr'>b</span> <span class='ocrx_word' id='word_1_324' title='bbox 1335 3867 1454 3937; x_wconf 88' lang='lat' dir='ltr'><strong>praeter</strong></span> 
     </span>
     <span class='ocr_line' id='line_1_34' title="bbox 163 3960 1456 4038; baseline 0.002 -20"><span class='ocrx_word' id='word_1_325' title='bbox 163 3962 313 4020; x_wconf 80' lang='lat' dir='ltr'><strong>inversum</strong></span> <span class='ocrx_word' id='word_1_326' title='bbox 336 3970 369 4019; x_wconf 89' lang='lat' dir='ltr'><strong>ut</strong></span> <span class='ocrx_word' id='word_1_327' title='bbox 389 3962 504 4020; x_wconf 88' lang='lat' dir='ltr'><strong>assolet</strong></span> <span class='ocrx_word' id='word_1_328' title='bbox 530 3961 561 4019; x_wconf 91' lang='lat' dir='ltr'><strong>in</strong></span> <span class='ocrx_word' id='word_1_329' title='bbox 585 3960 762 4037; x_wconf 89' lang='lat' dir='ltr'><strong>repetitione</strong></span> <span class='ocrx_word' id='word_1_330' title='bbox 785 3960 920 4018; x_wconf 90' lang='lat' dir='ltr'><strong>ordinem</strong></span> <span class='ocrx_word' id='word_1_331' title='bbox 946 3961 1098 4019; x_wconf 91' lang='lat' dir='ltr'><strong>nominum</strong></span> <span class='ocrx_word' id='word_1_332' title='bbox 1120 3961 1323 4038; x_wconf 83' lang='lat' dir='ltr'><strong>conlegarum,</strong></span> <span class='ocrx_word' id='word_1_333' title='bbox 1349 3962 1456 4021; x_wconf 87' lang='lat' dir='ltr'><strong>ultima</strong></span> 
     </span>
     <span class='ocr_line' id='line_1_35' title="bbox 162 4061 1455 4138; baseline 0.001 -18"><span class='ocrx_word' id='word_1_334' title='bbox 162 4065 253 4121; x_wconf 84' lang='lat' dir='ltr'><strong>verba</strong></span> <span class='ocrx_word' id='word_1_335' title='bbox 282 4064 348 4122; x_wconf 89' lang='lat' dir='ltr'><strong>sola</strong></span> <span class='ocrx_word' id='word_1_336' title='bbox 378 4065 514 4122; x_wconf 89' lang='lat' dir='ltr'><strong>dicuntur</strong></span> <span class='ocrx_word' id='word_1_337' title='bbox 543 4061 676 4134; x_wconf 81' lang='lat' dir='ltr'><strong>differre3</strong></span> <span class='ocrx_word' id='word_1_338' title='bbox 710 4061 816 4120; x_wconf 89' lang='lat' dir='ltr'><strong>deinde</strong></span> <span class='ocrx_word' id='word_1_339' title='bbox 850 4061 1051 4138; x_wconf 90' lang='lat' dir='ltr'><strong>suspicionem</strong></span> <span class='ocrx_word' id='word_1_340' title='bbox 1081 4070 1181 4121; x_wconf 88' lang='lat' dir='ltr'><strong>movet</strong></span> <span class='ocrx_word' id='word_1_341' title='bbox 1212 4063 1294 4138; x_wconf 91' lang='lat' dir='ltr'><strong>quod</strong></span> <span class='ocrx_word' id='word_1_342' title='bbox 1317 4062 1455 4121; x_wconf 84' lang='lat' dir='ltr'><strong>Metellus</strong></span> 
     </span>
     <span class='ocr_line' id='line_1_36' title="bbox 162 4163 1455 4242; baseline -0.001 -21"><span class='ocrx_word' id='word_1_343' title='bbox 162 4176 251 4240; x_wconf 79' lang='lat' dir='ltr'><strong>atque</strong></span> <span class='ocrx_word' id='word_1_344' title='bbox 272 4164 414 4242; x_wconf 87' lang='lat' dir='ltr'><strong>Ligurius</strong></span> <span class='ocrx_word' id='word_1_345' title='bbox 437 4165 520 4241; x_wconf 84' lang='lat' dir='ltr'><strong>(side</strong></span> <span class='ocrx_word' id='word_1_346' title='bbox 542 4174 641 4222; x_wconf 87' lang='lat' dir='ltr'><strong>tumen</strong></span> <span class='ocrx_word' id='word_1_347' title='bbox 664 4182 700 4222; x_wconf 89' lang='lat' dir='ltr'><strong>ne</strong></span> <span class='ocrx_word' id='word_1_348' title='bbox 721 4163 769 4222; x_wconf 89' lang='lat' dir='ltr'><strong>hic</strong></span> <span class='ocrx_word' id='word_1_349' title='bbox 791 4163 828 4223; x_wconf 92' lang='lat' dir='ltr'><strong>ab</strong></span> <span class='ocrx_word' id='word_1_350' title='bbox 851 4163 904 4221; x_wconf 93' lang='lat' dir='ltr'><strong>illo</strong></span> <span class='ocrx_word' id='word_1_351' title='bbox 925 4166 1056 4241; x_wconf 90' lang='lat' dir='ltr'><strong>pendeat</strong></span> <span class='ocrx_word' id='word_1_352' title='bbox 1077 4165 1107 4222; x_wconf 91' lang='lat' dir='ltr'><strong>id</strong></span> <span class='ocrx_word' id='word_1_353' title='bbox 1129 4165 1209 4239; x_wconf 93' lang='lat' dir='ltr'><strong>quod</strong></span> <span class='ocrx_word' id='word_1_354' title='bbox 1231 4174 1317 4223; x_wconf 88' lang='lat' dir='ltr'><strong>tenor</strong></span> <span class='ocrx_word' id='word_1_355' title='bbox 1339 4164 1415 4222; x_wconf 90' lang='lat' dir='ltr'><strong>tituli</strong></span> <span class='ocrx_word' id='word_1_356' title='bbox 1438 4183 1455 4221; x_wconf 90' lang='lat' dir='ltr'><strong>c</strong></span> 
     </span>
     <span class='ocr_line' id='line_1_37' title="bbox 161 4265 1453 4344; baseline 0 -22"><span class='ocrx_word' id='word_1_357' title='bbox 161 4266 199 4323; x_wconf 89' lang='lat' dir='ltr'><strong>ab</strong></span> <span class='ocrx_word' id='word_1_358' title='bbox 228 4276 356 4344; x_wconf 90' lang='lat' dir='ltr'><strong>utroque</strong></span> <span class='ocrx_word' id='word_1_359' title='bbox 382 4267 518 4326; x_wconf 89' lang='lat' dir='ltr'><strong>similiter</strong></span> <span class='ocrx_word' id='word_1_360' title='bbox 544 4266 672 4325; x_wconf 89' lang='lat' dir='ltr'><strong>truncati</strong></span> <span class='ocrx_word' id='word_1_361' title='bbox 701 4265 772 4323; x_wconf 83' lang='lat' dir='ltr'><strong>milri</strong></span> <span class='ocrx_word' id='word_1_362' title='bbox 799 4273 878 4324; x_wconf 90' lang='lat' dir='ltr'><strong>certe</strong></span> <span class='ocrx_word' id='word_1_363' title='bbox 904 4266 1028 4324; x_wconf 89' lang='lat' dir='ltr'><strong>innuere</strong></span> <span class='ocrx_word' id='word_1_364' title='bbox 1057 4267 1188 4342; x_wconf 80' lang='lat' dir='ltr'><strong>ridetur)</strong></span> <span class='ocrx_word' id='word_1_365' title='bbox 1216 4286 1282 4324; x_wconf 92' lang='lat' dir='ltr'><strong>eum</strong></span> <span class='ocrx_word' id='word_1_366' title='bbox 1304 4265 1453 4344; x_wconf 90' lang='lat' dir='ltr'><strong>integrum</strong></span> 
     </span>
     <span class='ocr_line' id='line_1_38' title="bbox 165 4367 1456 4445; baseline -0.002 -19"><span class='ocrx_word' id='word_1_367' title='bbox 165 4368 319 4441; x_wconf 88' lang='lat' dir='ltr'><strong>exhibent,</strong></span> <span class='ocrx_word' id='word_1_368' title='bbox 349 4369 460 4428; x_wconf 86' lang='lat' dir='ltr'><strong>omittit</strong></span> <span class='ocrx_word' id='word_1_369' title='bbox 488 4377 581 4428; x_wconf 89' lang='lat' dir='ltr'><strong>totum</strong></span> <span class='ocrx_word' id='word_1_370' title='bbox 607 4368 795 4440; x_wconf 87' lang='lat' dir='ltr'><strong>Merlianius,</strong></span> <span class='ocrx_word' id='word_1_371' title='bbox 830 4388 870 4426; x_wconf 81' lang='lat' dir='ltr'><strong>ex</strong></span> <span class='ocrx_word' id='word_1_372' title='bbox 895 4368 1069 4428; x_wconf 85' lang='lat' dir='ltr'><strong>Manutiano</strong></span> <span class='ocrx_word' id='word_1_373' title='bbox 1095 4375 1194 4427; x_wconf 90' lang='lat' dir='ltr'><strong>autem</strong></span> <span class='ocrx_word' id='word_1_374' title='bbox 1221 4369 1359 4445; x_wconf 85' lang='lat' dir='ltr'><strong>exemplo</strong></span> <span class='ocrx_word' id='word_1_375' title='bbox 1381 4367 1456 4425; x_wconf 87' lang='lat' dir='ltr'><strong>talia</strong></span> 
     </span>
     <span class='ocr_line' id='line_1_39' title="bbox 162 4468 333 4530; baseline 0.018 -3"><span class='ocrx_word' id='word_1_376' title='bbox 162 4468 333 4530; x_wconf 86' lang='lat' dir='ltr'><strong>referuntur</strong></span> 
     </span>
    </p>
   </div>
   <div class='ocr_carea' id='block_1_4' title="bbox 207 4684 1307 4847">
    <p class='ocr_par' dir='ltr' id='par_1_4' title="bbox 207 4684 1307 4847">
     <span class='ocr_line' id='line_1_40' title="bbox 207 4684 649 4745; baseline -0.002 -2"><span class='ocrx_word' id='word_1_377' title='bbox 207 4691 210 4696; x_wconf 83' lang='grc'><em>“</em></span> <span class='ocrx_word' id='word_1_378' title='bbox 266 4701 286 4743; x_wconf 79' lang='grc' dir='ltr'><strong>Α</strong></span> <span class='ocrx_word' id='word_1_379' title='bbox 308 4713 316 4729; x_wconf 86' lang='grc'><em>·</em></span> <span class='ocrx_word' id='word_1_380' title='bbox 338 4699 441 4743; x_wconf 76' lang='lat' dir='ltr'><strong>rasrvs</strong></span> <span class='ocrx_word' id='word_1_381' title='bbox 464 4713 472 4728; x_wconf 89' lang='lat'><strong>·</strong></span> <span class='ocrx_word' id='word_1_382' title='bbox 494 4684 649 4745; x_wconf 78' lang='lat' dir='ltr'><strong>xsnrtttttt</strong></span> 
     </span>
     <span class='ocr_line' id='line_1_41' title="bbox 267 4786 1307 4847; baseline -0.003 -3"><span class='ocrx_word' id='word_1_383' title='bbox 267 4800 305 4844; x_wconf 76' lang='lat' dir='ltr'><strong>as</strong></span> <span class='ocrx_word' id='word_1_384' title='bbox 327 4815 334 4830; x_wconf 89' lang='lat'><strong>·</strong></span> <span class='ocrx_word' id='word_1_385' title='bbox 358 4801 521 4847; x_wconf 77' lang='lat' dir='ltr'><strong>rucuosro</strong></span> <span class='ocrx_word' id='word_1_386' title='bbox 545 4816 553 4831; x_wconf 92' lang='lat'><strong>·</strong></span> <span class='ocrx_word' id='word_1_387' title='bbox 575 4786 851 4846; x_wconf 79' lang='lat' dir='ltr'><strong>nrrrcrrtttlttttsvs</strong></span> <span class='ocrx_word' id='word_1_388' title='bbox 875 4813 882 4828; x_wconf 92' lang='lat'><strong>·</strong></span> <span class='ocrx_word' id='word_1_389' title='bbox 903 4798 990 4843; x_wconf 75' lang='lat' dir='ltr'><strong>ason</strong></span> <span class='ocrx_word' id='word_1_390' title='bbox 1013 4811 1020 4828; x_wconf 92' lang='lat'><strong>·</strong></span> <span class='ocrx_word' id='word_1_391' title='bbox 1045 4798 1104 4841; x_wconf 82' lang='lat' dir='ltr'><strong>cvr</strong></span> <span class='ocrx_word' id='word_1_392' title='bbox 1128 4813 1136 4828; x_wconf 89' lang='lat'><strong>·</strong></span> <span class='ocrx_word' id='word_1_393' title='bbox 1159 4797 1307 4843; x_wconf 71' lang='lat' dir='ltr'><strong>scriosius</strong></span> 
     </span>
    </p>
   </div>
   <div class='ocr_carea' id='block_1_5' title="bbox 98 4993 1453 5259">
    <p class='ocr_par' dir='ltr' id='par_1_5' title="bbox 98 4993 1453 5259">
     <span class='ocr_line' id='line_1_42' title="bbox 164 4993 1451 5075; baseline 0 -24"><span class='ocrx_word' id='word_1_394' title='bbox 164 5003 267 5054; x_wconf 88' lang='lat' dir='ltr'><strong>contra</strong></span> <span class='ocrx_word' id='word_1_395' title='bbox 289 4994 435 5075; x_wconf 86' lang='lat' dir='ltr'><strong>integrum</strong></span> <span class='ocrx_word' id='word_1_396' title='bbox 457 4996 569 5054; x_wconf 88' lang='lat' dir='ltr'><strong>habent</strong></span> <span class='ocrx_word' id='word_1_397' title='bbox 582 4996 758 5054; x_wconf 89' lang='lat' dir='ltr'><strong>Marlianius</strong></span> <span class='ocrx_word' id='word_1_398' title='bbox 774 5002 805 5052; x_wconf 87' lang='lat' dir='ltr'><strong>et</strong></span> <span class='ocrx_word' id='word_1_399' title='bbox 819 4995 973 5052; x_wconf 85' lang='lat' dir='ltr'><strong>Manutius</strong></span> <span class='ocrx_word' id='word_1_400' title='bbox 996 4993 1114 5053; x_wconf 90' lang='lat' dir='ltr'><strong>titulum</strong></span> <span class='ocrx_word' id='word_1_401' title='bbox 1136 4993 1166 5066; x_wconf 94' lang='lat' dir='ltr'><strong>b,</strong></span> <span class='ocrx_word' id='word_1_402' title='bbox 1189 4993 1374 5052; x_wconf 90' lang='lat' dir='ltr'><strong>dimidiatum</strong></span> <span class='ocrx_word' id='word_1_403' title='bbox 1389 4995 1451 5051; x_wconf 91' lang='lat' dir='ltr'><strong>Me·</strong></span> 
     </span>
     <span class='ocr_line' id='line_1_43' title="bbox 98 5094 1453 5185; baseline -0.001 -32"><span class='ocrx_word' id='word_1_404' title='bbox 98 5179 101 5185; x_wconf 23' lang='grc'>1</span> <span class='ocrx_word' id='word_1_405' title='bbox 163 5097 254 5156; x_wconf 87' lang='lat' dir='ltr'><strong>tellus</strong></span> <span class='ocrx_word' id='word_1_406' title='bbox 276 5117 342 5157; x_wconf 90' lang='lat' dir='ltr'><strong>cum</strong></span> <span class='ocrx_word' id='word_1_407' title='bbox 357 5098 484 5176; x_wconf 87' lang='lat' dir='ltr'><strong>Ligario</strong></span> <span class='ocrx_word' id='word_1_408' title='bbox 508 5098 573 5173; x_wconf 90' lang='lat' dir='ltr'><strong>(qui</strong></span> <span class='ocrx_word' id='word_1_409' title='bbox 589 5108 687 5157; x_wconf 87' lang='lat' dir='ltr'><strong>tamen</strong></span> <span class='ocrx_word' id='word_1_410' title='bbox 704 5098 784 5157; x_wconf 89' lang='lat' dir='ltr'><strong>binis</strong></span> <span class='ocrx_word' id='word_1_411' title='bbox 804 5096 962 5155; x_wconf 89' lang='lat' dir='ltr'><strong>vocabulis</strong></span> <span class='ocrx_word' id='word_1_412' title='bbox 985 5098 1044 5154; x_wconf 72' lang='lat' dir='ltr'><strong>nl</strong></span> <span class='ocrx_word' id='word_1_413' title='bbox 1071 5103 1161 5173; x_wconf 87' lang='lat' dir='ltr'><strong>auget</strong></span> <span class='ocrx_word' id='word_1_414' title='bbox 1175 5115 1234 5155; x_wconf 89' lang='lat' dir='ltr'><strong>uno</strong></span> <span class='ocrx_word' id='word_1_415' title='bbox 1255 5094 1318 5155; x_wconf 66' lang='lat' dir='ltr'><strong>nl</strong></span> <span class='ocrx_word' id='word_1_416' title='bbox 1342 5096 1453 5172; x_wconf 85' lang='lat' dir='ltr'><strong>privat)</strong></span> 
     </span>
     <span class='ocr_line' id='line_1_44' title="bbox 158 5198 438 5259; baseline 0.018 -5"><span class='ocrx_word' id='word_1_417' title='bbox 158 5198 189 5254; x_wconf 93' lang='lat' dir='ltr'><strong>in</strong></span> <span class='ocrx_word' id='word_1_418' title='bbox 212 5200 291 5258; x_wconf 89' lang='lat' dir='ltr'><strong>huno</strong></span> <span class='ocrx_word' id='word_1_419' title='bbox 314 5201 438 5259; x_wconf 91' lang='lat' dir='ltr'><strong>modum</strong></span> 
     </span>
    </p>
   </div>
   <div class='ocr_carea' id='block_1_6' title="bbox 1213 5299 1250 5359">
    <p class='ocr_par' dir='ltr' id='par_1_6' title="bbox 1213 5299 1250 5359">
     <span class='ocr_line' id='line_1_45' title="bbox 1213 5299 1250 5359; baseline 0.027 -1"><span class='ocrx_word' id='word_1_420' title='bbox 1213 5299 1250 5359; x_wconf 83' lang='lat'><strong>19</strong></span> 
     </span>
    </p>
   </div>
   <div class='ocr_carea' id='block_1_7' title="bbox 0 0 1767 5812">
    <p class='ocr_par' dir='ltr' id='par_1_7' title="bbox 0 0 1767 5812">
     <span class='ocr_line' id='line_1_46' title="bbox 0 0 1767 5812; baseline 0 0"><span class='ocrx_word' id='word_1_421' title='bbox 0 0 1767 5812; x_wconf 95' lang='lat' dir='ltr'><strong> </strong></span> 
     </span>
    </p>
   </div>
  </div>
 </body>
</html>
