3510 5812
207 478 281 549 218
802 494 946 546 nassau

626 596 948 604 -.-.-—.---—-.-—--—--

207 670 261 741 sit;
284 671 334 728 sed
357 679 440 727 extat
462 670 545 738 alter,
568 676 652 727 extat
668 669 786 726 tertius:
810 686 937 742 quorum
953 667 1079 725 alterum
1095 666 1214 742 quidem
1229 664 1448 743 (Hadriansles
1463 690 1492 729 n.
1506 671 1539 748 4)

208 792 267 831 non
295 772 408 848 legerat
435 771 487 828 illo
514 784 648 846 tempore
674 770 859 846 Borglresius
888 770 944 827 nisi
973 770 1164 845 depravatum
1193 779 1224 828 et
1250 769 1391 829 vitiosum
1421 771 1539 848 qualem

208 874 357 935 Gruterus
384 894 413 949 p.
439 873 528 945 1095,
554 876 566 930 l
597 874 728 950 praebet,
759 873 884 930 alterum
913 869 1129 947 (Hadrianales
1158 890 1186 930 n.
1209 870 1252 947 2),
1281 872 1318 930 de
1344 893 1404 950 quo
1433 873 1538 951 olim¹)

207 977 325 1034 dixerat
346 977 422 1051 ipse,
446 977 565 1033 omnino
589 974 701 1033 oblitus
724 988 778 1032 est.
815 976 880 1033 lam
902 974 982 1049 quod
1006 982 1049 1032 tor
1065 989 1188 1033 sanaris
1201 991 1402 1035 sarmentus
1417 994 1541 1036 sonares

206 1095 423 1137 sa'rot'rrnstvvs
445 1078 582 1150 occurrit,
605 1078 635 1135 id
657 1077 737 1135 casui
761 1077 852 1135 tribui
874 1075 956 1134 nullo
979 1086 1067 1152 paeto
1090 1083 1199 1153 potest.
1243 1070 1339 1135 Imtho
1359 1079 1441 1155 quod
1463 1080 1542 1138 inter

207 1199 260 1239 eos
282 1198 358 1257 epiros
382 1181 593 1255 inscriptiones
609 1181 754 1255 praebent
775 1178 893 1237 sodales
909 1177 1111 1236 Hadrianales
1134 1186 1195 1236 tres
1215 1178 1406 1239 inveniuntur
1425 1181 1541 1240 sedales

207 1283 407 1342 Hadriunnles
434 1282 547 1340 sodales
570 1281 759 1339 Antoniniani
785 1297 880 1354 neque
907 1279 988 1338 ullus
1014 1281 1126 1339 sodalis
1148 1279 1346 1339 Hadrianalis
1368 1283 1542 1342 Antoninia-

207 1406 271 1457 nus,
299 1404 359 1460 qua
385 1385 500 1441 ratione
523 1383 668 1459 explicari
689 1383 807 1459 poterit,
835 1382 893 1440 nisi
916 1381 1143 1459 distinguendos
1166 1400 1234 1442 esse
1256 1383 1482 1443 Antoninianos
1504 1385 1542 1443 ab

209 1487 446 1545 Hadrianalibus
469 1487 603 1560 duasque
625 1484 760 1543 diversas
784 1501 835 1541 eas
862 1484 957 1543 luisse
979 1484 1155 1543 sodalitates
1177 1486 1362 1544 statuemus?
1391 1487 1457 1545 Iam
1480 1494 1542 1546 tres

208 1590 235 1646 ei
262 1590 298 1647 de
326 1588 433 1663 quibus
460 1587 522 1644 dixi
552 1587 630 1645 tituli
651 1586 816 1662 aecipiendi
843 1593 912 1644 sunt
934 1586 972 1645 de
998 1586 1168 1645 hominibus
1191 1588 1306 1646 duabus
1328 1588 1543 1648 sodalitatibus

209 1701 238 1749 et
260 1690 439 1748 Hadrianali
462 1700 489 1747 et
510 1689 717 1747 Antoniniana
738 1690 863 1747 ornatis.
908 1688 996 1762 Quod
1024 1698 1123 1746 autem
1146 1688 1300 1747 Hadriano
1322 1700 1353 1749 et
1375 1692 1541 1763 Antonino,

208 1793 341 1851 eiusdem
371 1792 469 1868 gentis
495 1791 582 1861 divis,
610 1791 744 1849 diversae
772 1791 946 1848 sodalitates
974 1800 1091 1849 creatae
1113 1776 1192 1860 sdnt,
1220 1809 1279 1848 non
1305 1794 1414 1851 mirum
1438 1801 1486 1852 est
1507 1814 1544 1851 ea

210 1904 306 1953 aetate
335 1912 394 1970 qua
421 1892 542 1951 omnino
576 1893 707 1951 rationes
740 1893 910 1969 gentilicias
937 1894 1095 1952 evanuisse
1122 1902 1250 1952 const-at.
1293 1894 1414 1953 Nomen
1446 1895 1543 1954 luisse

210 1998 297 2056 aroris
331 1996 484 2054 sodalibus
516 1996 629 2054 sorlules
659 1995 868 2053 Antoninianos
901 2003 1004 2052 auctor
1037 2003 1083 2053 est
1116 1995 1300 2071 biographus
1327 1996 1375 2055 Pii
1408 1994 1541 2074 c.13²);

209 2118 337 2176 <tuocum
357 2098 547 2157 consentiunt
569 2096 646 2154 tituli
666 2096 835 2173 complures
858 2097 937 2156 inira
959 2095 1161 2173 exhibendi³).
1205 2099 1249 2155 At
1263 2098 1315 2156 vit.
1329 2098 1425 2158 Marci
1446 2118 1472 2157 e.
1491 2099 1541 2176 7⁴)

211 2201 380 2260 Aurelianis
402 2202 446 2259 eis
471 2200 564 2257 luisse
586 2218 695 2257 nomen
718 2209 865 2257 narratur.
910 2197 971 2257 Sed
994 2199 1115 2257 sodales
1132 2199 1193 2257 divi
1208 2199 1257 2257 Pii
1279 2218 1388 2259 nomen
1410 2202 1543 2261 traxisse

210 2306 247 2363 ab
263 2303 388 2361 Aurelio
411 2303 529 2361 nomine
552 2320 611 2377 quo
635 2303 807 2360 Antoninus
830 2319 865 2358 eo
889 2301 983 2359 solum
1007 2309 1141 2376 tempore
1165 2319 1235 2359 usus
1257 2312 1383 2378 estque
1406 2304 1542 2380 privatus

210 2408 299 2464 homo
322 2405 377 2463 tuit
400 2404 482 2478 (narn
505 2403 573 2462 intle
596 2403 634 2461 ab
657 2424 684 2461 a.
703 2404 761 2462 138
783 2413 942 2480 postquam
966 2404 1003 2462 ab
1019 2403 1175 2462 Hadriano
1196 2403 1355 2481 adoptatus
1374 2405 1405 2462 in
1420 2405 1542 2464 domum

211 2507 342 2584 Augusti
365 2507 445 2563 venit
467 2523 573 2563 nomen
597 2505 624 2561 ei
646 2504 702 2563 tuit
727 2505 757 2563 Τ.
781 2505 865 2564 Aelio
887 2505 1055 2581 Antonino),
1079 2507 1142 2564 veri
1165 2506 1263 2564 simile
1284 2524 1342 2563 non
1365 2516 1426 2577 est3
1450 2508 1542 2566 immo

211 2629 340 2668 errorem
371 2608 518 2666 commisit
549 2608 733 2685 biographus
763 2608 857 2665 Marci
886 2607 932 2665 vel
965 2607 992 2664 is
1022 2626 1110 2683 quem
1143 2607 1326 2684 biographus
1358 2609 1543 2687 compilavit,

212 2713 326 2771 Marius
350 2710 510 2780 Maximae,
533 2728 659 2786 eumque
685 2729 743 2768 non
773 2710 861 2767 nimis
883 2727 1014 2786 gravem,
1044 2727 1110 2766 cum
1133 2729 1167 2768 eo
1190 2718 1323 2787 tempore
1346 2730 1405 2786 quo
1428 2712 1544 2771 Marius

214 2815 363 2872 Maximus
387 2812 507 2886 scripsit
528 2811 647 2871 sodales
668 2811 865 2870 Antoniniani
887 2819 964 2869 reete
980 2809 1132 2868 Attreliani
1151 2821 1367 2887 nuncupentur.
1411 2813 1545 2890 Inscrip-

212 2917 308 2974 tiones
337 2931 455 2989 quoque
482 2913 513 2970 in
540 2913 649 2988 quibus
672 2913 827 2971 Art-reliani
852 2913 1042 2971 inveniuntur
1069 2931 1129 2970 nnn
1151 2914 1255 2990 primis
1277 2923 1346 2989 post
1366 2914 1416 2973 Pii
1438 2934 1545 2975 eonse-

212 3017 376 3076 orationem
402 3014 599 3090 temporibus,
633 3014 685 3071 sed
719 3014 878 3089 posteriori
906 3016 996 3072 aetati
1024 3015 1231 3074 attribuendae
1263 3033 1330 3074 esse
1362 3016 1545 3094 videntur5).

214 3121 276 3176 lam
300 3124 373 3192 quot
394 3116 504 3173 fuerint
526 3115 644 3173 sodales
659 3116 866 3186 Antoniniani,
889 3117 1057 3192 ignoratum
1080 3128 1110 3174 et
1125 3118 1267 3194 patricios
1283 3125 1313 3177 et
1333 3118 1469 3194 plebeios
1492 3138 1545 3179 eos

213 3221 308 3278 luisse
330 3217 467 3293 exempla
489 3236 565 3294 quae
591 3216 740 3294 lapidibus
766 3218 852 3276 nobis
876 3229 998 3278 servata
1026 3229 1097 3279 sunt
1117 3220 1267 3294 doceret).
1311 3219 1474 3278 Fastorum
1497 3238 1546 3280 so·

291 3423 314 3484 ¹)
353 3421 422 3474 Bait.
442 3417 501 3473 ‹tett’
523 3424 581 3474 ittet.
603 3422 674 3473 1830
692 3439 718 3488 p.
733 3425 795 3473 201.

290 3514 315 3577 ²)
354 3514 450 3565 Metuit
464 3552 556 3565 .....
573 3523 596 3565 et
615 3516 728 3583 ternplum
747 3522 772 3565 et
790 3515 891 3566 sodales
911 3516 1104 3569 Antotu'nt'unos.

290 3606 315 3669 ³)
354 3609 525 3659 Antoniniani
546 3624 571 3657 n.
589 3608 658 3656 1-5
679 3607 714 3672 (p.
731 3610 802 3669 219).

288 3698 312 3761 ⁴)
351 3697 386 3749 Et
405 3698 541 3750 laudat-ere
559 3707 661 3767 uterque
674 3717 726 3767 pro
746 3701 839 3750 rostris
852 3707 952 3768 patrem
967 3737 973 3749 .
988 3739 994 3750 .
1010 3736 1016 3751 .
1030 3708 1054 3751 et
1072 3700 1172 3753 sedales
1192 3718 1223 3752 ea
1242 3703 1400 3752 amicissimis
1420 3702 1546 3755 Aurelia·

213 3810 259 3844 nos
278 3807 404 3844 menoare.

291 3885 314 3947 ⁵)
354 3885 525 3935 Antoniniani
550 3888 591 3935 11.
613 3887 656 3935 12.
679 3886 711 3936 13
732 3887 768 3952 (p.
784 3888 856 3949 221).

292 3976 315 4039 ⁶)
354 3978 474 4028 Plebeios
494 3979 686 4028 Antoninianos
711 3979 835 4029 habemus
859 3996 884 4030 n.
903 3983 925 4030 1.
940 3980 966 4029 3.
980 3981 1006 4030 4.
1024 3984 1065 4032 10.
1082 3982 1124 4031 13.
1140 4004 1173 4016 -
1189 3980 1308 4030 Ceterum
1328 3980 1418 4030 eadem
1443 3982 1550 4033 ratione

217 4086 268 4136 qus
286 4072 354 4120 inter
372 4071 490 4119 divorum
511 4070 612 4119 sodales
632 4078 657 4119 et
675 4073 798 4136 patricios
818 4079 844 4120 et
861 4072 977 4137 plebeios
997 4079 1130 4138 cooptatos
1144 4089 1199 4123 esse
1213 4073 1455 4134 demonstravimus,
1475 4074 1549 4125 idem

215 4165 247 4213 de
267 4164 324 4212 aliis
345 4162 497 4226 quibusdam
518 4163 669 4211 sacerdotiis
688 4163 721 4211 de
741 4163 833 4226 quibus
853 4166 1010 4213 eontrarium
1035 4165 1101 4214 falso
1125 4166 1283 4216 statuebatur
1302 4166 1474 4216 demonstrari
1499 4183 1550 4232 po·

214 4263 270 4314 test,
296 4254 399 4304 sodales
424 4255 507 4303 Titios
532 4253 591 4302 dieo
616 4261 642 4303 et
666 4254 759 4303 iratres
784 4254 901 4303 Arvales.
949 4254 1059 4306 Sodales
1083 4256 1167 4308 Titios
1194 4258 1316 4323 patricios
1341 4272 1442 4322 semper
1466 4258 1550 4310 tuisse

217 4347 297 4397 videri
318 4346 386 4395 dixit
404 4345 598 4410 Marquardtius
617 4347 643 4406 4,
661 4346 726 4395 147:
757 4353 783 4394 at
802 4351 872 4394 extat
891 4345 987 4395 sodalis
1006 4347 1090 4397 Titius
1109 4350 1224 4411 plebeius
1242 4365 1284 4416 ap.
1304 4350 1452 4402 Wilmanns
1474 4352 1548 4403 1191

216 4440 355 4490 =Renier
376 4437 462 4487 1818:
496 4436 528 4487 P.
548 4436 631 4486 Iulius
650 4434 682 4486 P.
695 4436 721 4501 s.
743 4433 814 4495 Quir.
840 4435 967 4486 Geminius
986 4435 1146 4502 Marcianus,
1160 4478 1166 4492 .
1182 4478 1188 4491 .
1204 4479 1210 4491 .
1224 4440 1322 4492 sodalis
1345 4440 1427 4491 Titias
1427 4478 1549 4504 ......

215 4528 273 4580 trib.
286 4529 352 4596 pleb.
393 4530 496 4580 Fratres
516 4529 625 4579 Arvales
644 4529 768 4594 patrieios
788 4545 843 4579 esse
863 4529 981 4579 debuisse
1000 4530 1128 4582 Marinius
1147 4536 1236 4584 statuit
1254 4535 1304 4584 atti
1321 4551 1346 4599 p.
1358 4534 1448 4597 xvll,
1468 4551 1550 4600 quem

215 4630 315 4672 secutus
339 4630 378 4671 est
401 4622 594 4687 Marquardtins
618 4623 644 4681 4,
665 4624 733 4683 4095
765 4622 922 4671 contradixit
946 4623 1122 4673 Mommsenus
1146 4624 1177 4675 lt.
1201 4624 1308 4676 Forselt.
1333 4630 1355 4687 l,
1377 4627 1420 4687 ts,
1446 4627 1550 4680 nullam

215 4715 302 4763 dicens
325 4715 430 4763 subesse
454 4728 556 4763 eausam
577 4714 693 4778 opinioni
713 4728 729 4762 a
748 4714 861 4763 Marinio
880 4714 1021 4778 proiectae,
1049 4730 1191 4780 repugnare
1215 4725 1299 4768 autem
1319 4719 1449 4768 silentium
1470 4719 1548 4771 Cice-

214 4804 286 4852 ronis
306 4805 338 4853 tle
365 4807 443 4855 domo
465 4808 507 4866 lt,
529 4806 571 4855 38.
609 4806 644 4855 Et
667 4820 728 4854 vero
752 4805 869 4869 plebeios
893 4806 960 4856 inter
986 4806 1095 4857 Arvales
1122 4824 1177 4857 esse
1202 4816 1335 4875 cooptatos
1361 4810 1455 4860 docent
1480 4812 1549 4864 haee

217 4896 350 4959 exempla:
373 4897 519 4947 Wilmanns
539 4899 609 4948 1151
630 4894 671 4958 (C.
691 4894 797 4947 Salvias
819 4896 878 4963 Cis.
898 4894 950 4947 Vel.
964 4895 1095 4948 Liberalia
1113 4897 1212 4951 Nouius
1231 4900 1328 4953 Bassus
1329 4939 1444 4966 ......
1457 4903 1551 4969 frater

215 4987 331 5048 Arealis,
358 4986 463 5037 allectus
486 4986 518 5036 ab
545 4989 604 5038 diro
631 4986 783 5056 Vespasiano
808 4998 832 5041 et
857 4988 916 5040 dieo
940 4988 964 5039 Τ
964 4992 997 5040 ito
1024 4991 1088 5040 inter·
1107 4990 1278 5056 trr'bunt'eios)‚·
1303 4996 1452 5045 Wilmanns
1473 4999 1548 5049 1159

216 5077 259 5139 (L.
281 5078 363 5129 Iulius
381 5076 414 5128 L.
426 5076 452 5142 s.
467 5076 493 5126 F
492 5077 532 5129 ab.
552 5078 671 5131 illurinus
693 5078 820 5132 Caecilius
837 5080 949 5149 Sirrrples
950 5117 1066 5144 ......
1081 5082 1174 5133 netlilis
1188 5083 1267 5152 plebi,
1285 5122 1377 5137 .....
1385 5086 1473 5152 sruter
1493 5089 1548 5141 Ar·

217 5171 305 5235 e·nh'a);
330 5171 410 5224 Orelli
437 5171 507 5221 3382
534 5169 576 5230 (Ρ.
601 5170 715 5223 sterilius
738 5170 769 5222 Ρ.
787 5173 813 5239 s.
843 5171 897 5225 cta
923 5170 1061 5238 Secundus,
1077 5212 1083 5225 .
1099 5212 1105 5225 .
1121 5178 1221 5240 .srater
1243 5177 1351 5228 Attalis
1352 5215 1469 5240 ......
1484 5180 1547 5233 att.
