<?xml version="1.0" encoding="UTF-8"?>
<!DOCTYPE html PUBLIC "-//W3C//DTD XHTML 1.0 Transitional//EN"
    "http://www.w3.org/TR/xhtml1/DTD/xhtml1-transitional.dtd">
<html xmlns="http://www.w3.org/1999/xhtml" xml:lang="en" lang="en">
 <head>
  <title>
</title>
<meta http-equiv="Content-Type" content="text/html;charset=utf-8" />
  <meta name='ocr-system' content='tesseract 3.04.00' />
  <meta name='ocr-capabilities' content='ocr_page ocr_carea ocr_par ocr_line ocrx_word'/>
</head>
<body>
  <div class='ocr_page' id='page_1' title='image "./ephemerisepigra02instgoog_0284.png"; bbox 0 0 3510 5812; ppageno 0'>
   <div class='ocr_carea' id='block_1_1' title="bbox 388 499 1434 578">
    <p class='ocr_par' dir='ltr' id='par_1_1' title="bbox 388 499 1434 578">
     <span class='ocr_line' id='line_1_1' title="bbox 388 499 1434 578; baseline -0.008 -1"><span class='ocrx_word' id='word_1_1' title='bbox 388 524 549 578; x_wconf 82' lang='grc'><strong>11111111</strong></span> <span class='ocrx_word' id='word_1_2' title='bbox 576 520 870 576; x_wconf 82' lang='lat' dir='ltr'>msoamrtouvm</span> <span class='ocrx_word' id='word_1_3' title='bbox 897 518 1163 573; x_wconf 81' lang='grc'><strong>1111111111.</strong></span> <span class='ocrx_word' id='word_1_4' title='bbox 1361 499 1434 570; x_wconf 85' lang='grc'>267</span> 
     </span>
    </p>
   </div>
   <div class='ocr_carea' id='block_1_2' title="bbox 106 690 1439 5141">
    <p class='ocr_par' dir='ltr' id='par_1_2' title="bbox 106 690 1438 1898">
     <span class='ocr_line' id='line_1_2' title="bbox 109 690 1435 774; baseline -0.005 -18"><span class='ocrx_word' id='word_1_5' title='bbox 109 700 239 774; x_wconf 88' lang='lat' dir='ltr'>plurima</span> <span class='ocrx_word' id='word_1_6' title='bbox 260 718 362 758; x_wconf 90' lang='lat' dir='ltr'>eorum</span> <span class='ocrx_word' id='word_1_7' title='bbox 386 699 471 758; x_wconf 88' lang='lat' dir='ltr'>annis</span> <span class='ocrx_word' id='word_1_8' title='bbox 496 696 730 756; x_wconf 87' lang='grc'><strong>1546111547</strong></span> <span class='ocrx_word' id='word_1_9' title='bbox 758 696 795 753; x_wconf 92' lang='lat' dir='ltr'>ad</span> <span class='ocrx_word' id='word_1_10' title='bbox 822 696 900 753; x_wconf 87' lang='lat' dir='ltr'>latus</span> <span class='ocrx_word' id='word_1_11' title='bbox 928 695 1119 753; x_wconf 89' lang='lat' dir='ltr'>meridionale</span> <span class='ocrx_word' id='word_1_12' title='bbox 1145 693 1249 770; x_wconf 88' lang='lat' dir='ltr'>templi</span> <span class='ocrx_word' id='word_1_13' title='bbox 1276 690 1435 751; x_wconf 81' lang='lat' dir='ltr'>Castorum</span> 
     </span>
     <span class='ocr_line' id='line_1_3' title="bbox 107 794 1436 876; baseline -0.006 -17"><span class='ocrx_word' id='word_1_14' title='bbox 107 803 229 860; x_wconf 85' lang='lat' dir='ltr'>inventa</span> <span class='ocrx_word' id='word_1_15' title='bbox 250 811 320 859; x_wconf 87' lang='lat' dir='ltr'>sunt</span> <span class='ocrx_word' id='word_1_16' title='bbox 342 802 384 876; x_wconf 85' lang='lat' dir='ltr'>(v.</span> <span class='ocrx_word' id='word_1_17' title='bbox 401 801 439 859; x_wconf 90' lang='lat' dir='ltr'>ad</span> <span class='ocrx_word' id='word_1_18' title='bbox 460 820 488 858; x_wconf 83' lang='lat' dir='ltr'>n.</span> <span class='ocrx_word' id='word_1_19' title='bbox 506 800 571 875; x_wconf 88' lang='grc'><strong>69),</strong></span> <span class='ocrx_word' id='word_1_20' title='bbox 593 798 702 859; x_wconf 85' lang='lat' dir='ltr'><strong>ibidem</strong></span> <span class='ocrx_word' id='word_1_21' title='bbox 722 799 783 857; x_wconf 89' lang='lat' dir='ltr'>alia</span> <span class='ocrx_word' id='word_1_22' title='bbox 806 806 938 874; x_wconf 90' lang='lat' dir='ltr'>tempore</span> <span class='ocrx_word' id='word_1_23' title='bbox 952 797 1034 856; x_wconf 86' lang='lat' dir='ltr'>Feae</span> <span class='ocrx_word' id='word_1_24' title='bbox 1055 815 1101 854; x_wconf 89' lang='lat' dir='ltr'>aa.</span> <span class='ocrx_word' id='word_1_25' title='bbox 1120 794 1208 854; x_wconf 90' lang='grc'><strong>1816.</strong></span> <span class='ocrx_word' id='word_1_26' title='bbox 1229 797 1306 855; x_wconf 91' lang='grc'><strong>1817</strong></span> <span class='ocrx_word' id='word_1_27' title='bbox 1330 794 1373 870; x_wconf 89' lang='grc'>(1.</span> <span class='ocrx_word' id='word_1_28' title='bbox 1387 794 1436 852; x_wconf 85' lang='grc'><strong>69.</strong></span> 
     </span>
     <span class='ocr_line' id='line_1_4' title="bbox 109 897 1436 979; baseline -0.005 -19"><span class='ocrx_word' id='word_1_29' title='bbox 109 903 162 979; x_wconf 81' lang='lat' dir='ltr'>to)</span> <span class='ocrx_word' id='word_1_30' title='bbox 190 911 220 962; x_wconf 90' lang='lat' dir='ltr'>et</span> <span class='ocrx_word' id='word_1_31' title='bbox 248 924 335 963; x_wconf 92' lang='lat' dir='ltr'>unum</span> <span class='ocrx_word' id='word_1_32' title='bbox 364 923 441 961; x_wconf 91' lang='lat' dir='ltr'>anno</span> <span class='ocrx_word' id='word_1_33' title='bbox 472 902 549 961; x_wconf 88' lang='grc'><strong>1873</strong></span> <span class='ocrx_word' id='word_1_34' title='bbox 579 902 622 978; x_wconf 88' lang='grc'>(1.</span> <span class='ocrx_word' id='word_1_35' title='bbox 643 901 711 977; x_wconf 93' lang='grc'><strong>72),</strong></span> <span class='ocrx_word' id='word_1_36' title='bbox 748 901 827 979; x_wconf 93' lang='lat' dir='ltr'>quod</span> <span class='ocrx_word' id='word_1_37' title='bbox 853 901 921 976; x_wconf 88' lang='lat' dir='ltr'>ipsa</span> <span class='ocrx_word' id='word_1_38' title='bbox 946 899 1111 977; x_wconf 82' lang='lat' dir='ltr'><strong>exiguitate</strong></span> <span class='ocrx_word' id='word_1_39' title='bbox 1137 898 1224 957; x_wconf 83' lang='lat' dir='ltr'>liuius</span> <span class='ocrx_word' id='word_1_40' title='bbox 1251 897 1436 974; x_wconf 82' lang='lat' dir='ltr'>diligentiam</span> 
     </span>
     <span class='ocr_line' id='line_1_5' title="bbox 108 999 1438 1082; baseline -0.006 -19"><span class='ocrx_word' id='word_1_41' title='bbox 108 1006 235 1082; x_wconf 78' lang='lat' dir='ltr'>fugerat,</span> <span class='ocrx_word' id='word_1_42' title='bbox 270 1015 301 1064; x_wconf 92' lang='lat' dir='ltr'>at</span> <span class='ocrx_word' id='word_1_43' title='bbox 327 1024 423 1082; x_wconf 87' lang='lat' dir='ltr'>pauca</span> <span class='ocrx_word' id='word_1_44' title='bbox 444 1005 518 1063; x_wconf 88' lang='lat' dir='ltr'>locis</span> <span class='ocrx_word' id='word_1_45' title='bbox 545 1023 604 1062; x_wconf 91' lang='lat' dir='ltr'>non</span> <span class='ocrx_word' id='word_1_46' title='bbox 633 1005 722 1081; x_wconf 89' lang='lat' dir='ltr'>longe</span> <span class='ocrx_word' id='word_1_47' title='bbox 743 1004 813 1062; x_wconf 91' lang='lat' dir='ltr'>inde</span> <span class='ocrx_word' id='word_1_48' title='bbox 835 1003 967 1073; x_wconf 84' lang='lat' dir='ltr'>remotis,</span> <span class='ocrx_word' id='word_1_49' title='bbox 1000 1002 1056 1059; x_wconf 86' lang='lat' dir='ltr'>tria</span> <span class='ocrx_word' id='word_1_50' title='bbox 1078 1020 1138 1059; x_wconf 91' lang='lat' dir='ltr'>non</span> <span class='ocrx_word' id='word_1_51' title='bbox 1160 1001 1249 1076; x_wconf 92' lang='lat' dir='ltr'>longe</span> <span class='ocrx_word' id='word_1_52' title='bbox 1271 1019 1289 1056; x_wconf 88' lang='lat' dir='ltr'>a</span> <span class='ocrx_word' id='word_1_53' title='bbox 1310 999 1438 1058; x_wconf 87' lang='lat' dir='ltr'>basilica</span> 
     </span>
     <span class='ocr_line' id='line_1_6' title="bbox 106 1100 1435 1180; baseline -0.006 -15"><span class='ocrx_word' id='word_1_54' title='bbox 106 1108 184 1166; x_wconf 90' lang='lat' dir='ltr'>Iulia</span> <span class='ocrx_word' id='word_1_55' title='bbox 207 1126 309 1167; x_wconf 87' lang='lat' dir='ltr'>versus</span> <span class='ocrx_word' id='word_1_56' title='bbox 331 1109 433 1167; x_wconf 86' lang='lat' dir='ltr'>aedem</span> <span class='ocrx_word' id='word_1_57' title='bbox 456 1107 601 1164; x_wconf 87' lang='lat' dir='ltr'>Antonini</span> <span class='ocrx_word' id='word_1_58' title='bbox 624 1126 649 1164; x_wconf 86' lang='lat' dir='ltr'>a</span> <span class='ocrx_word' id='word_1_59' title='bbox 670 1106 748 1164; x_wconf 94' lang='grc'><strong>1872</strong></span> <span class='ocrx_word' id='word_1_60' title='bbox 772 1105 851 1180; x_wconf 88' lang='grc'><strong>(71),</strong></span> <span class='ocrx_word' id='word_1_61' title='bbox 875 1104 956 1162; x_wconf 92' lang='lat' dir='ltr'>aliud</span> <span class='ocrx_word' id='word_1_62' title='bbox 979 1113 1046 1161; x_wconf 89' lang='lat' dir='ltr'>ante</span> <span class='ocrx_word' id='word_1_63' title='bbox 1069 1104 1125 1161; x_wconf 89' lang='lat' dir='ltr'>boc</span> <span class='ocrx_word' id='word_1_64' title='bbox 1147 1101 1288 1179; x_wconf 90' lang='lat' dir='ltr'>templum</span> <span class='ocrx_word' id='word_1_65' title='bbox 1312 1120 1338 1158; x_wconf 89' lang='lat' dir='ltr'>a.</span> <span class='ocrx_word' id='word_1_66' title='bbox 1359 1100 1435 1158; x_wconf 89' lang='grc'><strong>1876</strong></span> 
     </span>
     <span class='ocr_line' id='line_1_7' title="bbox 107 1203 1436 1286; baseline -0.008 -17"><span class='ocrx_word' id='word_1_67' title='bbox 107 1209 187 1286; x_wconf 92' lang='grc'><strong>(81),</strong></span> <span class='ocrx_word' id='word_1_68' title='bbox 214 1211 296 1268; x_wconf 91' lang='lat' dir='ltr'>aliud</span> <span class='ocrx_word' id='word_1_69' title='bbox 318 1211 424 1268; x_wconf 91' lang='lat' dir='ltr'>eodem</span> <span class='ocrx_word' id='word_1_70' title='bbox 446 1228 525 1266; x_wconf 90' lang='lat' dir='ltr'>anno</span> <span class='ocrx_word' id='word_1_71' title='bbox 547 1209 624 1266; x_wconf 90' lang='grc'><strong>11111</strong></span> <span class='ocrx_word' id='word_1_72' title='bbox 645 1208 723 1266; x_wconf 91' lang='lat' dir='ltr'>idem</span> <span class='ocrx_word' id='word_1_73' title='bbox 746 1209 911 1283; x_wconf 84' lang='lat' dir='ltr'><strong>aedemque</strong></span> <span class='ocrx_word' id='word_1_74' title='bbox 937 1207 996 1263; x_wconf 90' lang='lat' dir='ltr'>divi</span> <span class='ocrx_word' id='word_1_75' title='bbox 1019 1205 1090 1263; x_wconf 93' lang='lat' dir='ltr'>lulii</span> <span class='ocrx_word' id='word_1_76' title='bbox 1116 1204 1194 1280; x_wconf 89' lang='grc'><strong>(79),</strong></span> <span class='ocrx_word' id='word_1_77' title='bbox 1218 1223 1283 1261; x_wconf 91' lang='lat' dir='ltr'>eam</span> <span class='ocrx_word' id='word_1_78' title='bbox 1307 1203 1436 1260; x_wconf 80' lang='grc'><strong>111111-</strong></span> 
     </span>
     <span class='ocr_line' id='line_1_8' title="bbox 109 1305 1437 1387; baseline -0.007 -17"><span class='ocrx_word' id='word_1_79' title='bbox 109 1330 172 1370; x_wconf 86' lang='lat' dir='ltr'>sam</span> <span class='ocrx_word' id='word_1_80' title='bbox 200 1313 367 1372; x_wconf 89' lang='lat' dir='ltr'>aedificium</span> <span class='ocrx_word' id='word_1_81' title='bbox 390 1312 543 1387; x_wconf 88' lang='lat' dir='ltr'>antiquum</span> <span class='ocrx_word' id='word_1_82' title='bbox 566 1310 650 1381; x_wconf 91' lang='lat' dir='ltr'>illud,</span> <span class='ocrx_word' id='word_1_83' title='bbox 677 1310 755 1386; x_wconf 87' lang='lat' dir='ltr'>quod</span> <span class='ocrx_word' id='word_1_84' title='bbox 782 1309 878 1386; x_wconf 84' lang='lat' dir='ltr'>possit</span> <span class='ocrx_word' id='word_1_85' title='bbox 893 1309 997 1367; x_wconf 71' lang='lat' dir='ltr'>,fuisse</span> <span class='ocrx_word' id='word_1_86' title='bbox 1018 1307 1114 1383; x_wconf 86' lang='lat' dir='ltr'>Regia</span> <span class='ocrx_word' id='word_1_87' title='bbox 1140 1308 1287 1364; x_wconf 88' lang='lat' dir='ltr'>atriumve</span> <span class='ocrx_word' id='word_1_88' title='bbox 1314 1305 1437 1382; x_wconf 87' lang='lat' dir='ltr'>regium,</span> 
     </span>
     <span class='ocr_line' id='line_1_9' title="bbox 107 1408 1436 1490; baseline -0.005 -21"><span class='ocrx_word' id='word_1_89' title='bbox 107 1415 243 1472; x_wconf 86' lang='lat' dir='ltr'>extitisse</span> <span class='ocrx_word' id='word_1_90' title='bbox 265 1417 343 1472; x_wconf 91' lang='lat' dir='ltr'>inter</span> <span class='ocrx_word' id='word_1_91' title='bbox 365 1414 507 1490; x_wconf 91' lang='lat' dir='ltr'>templum</span> <span class='ocrx_word' id='word_1_92' title='bbox 525 1410 660 1471; x_wconf 80' lang='lat' dir='ltr'>Castoris</span> <span class='ocrx_word' id='word_1_93' title='bbox 683 1422 713 1469; x_wconf 89' lang='lat' dir='ltr'>et</span> <span class='ocrx_word' id='word_1_94' title='bbox 734 1412 890 1470; x_wconf 88' lang='lat' dir='ltr'>eeclesiam</span> <span class='ocrx_word' id='word_1_95' title='bbox 915 1409 946 1470; x_wconf 89' lang='lat' dir='ltr'>S.</span> <span class='ocrx_word' id='word_1_96' title='bbox 963 1409 1077 1468; x_wconf 87' lang='lat' dir='ltr'>Mariae</span> <span class='ocrx_word' id='word_1_97' title='bbox 1099 1408 1294 1467; x_wconf 88' lang='lat' dir='ltr'>Liberatricis</span> <span class='ocrx_word' id='word_1_98' title='bbox 1318 1425 1436 1464; x_wconf 90' lang='lat' dir='ltr'>sumen-</span> 
     </span>
     <span class='ocr_line' id='line_1_10' title="bbox 107 1510 1437 1592; baseline -0.007 -18"><span class='ocrx_word' id='word_1_99' title='bbox 107 1517 176 1575; x_wconf 94' lang='lat' dir='ltr'>dum</span> <span class='ocrx_word' id='word_1_100' title='bbox 200 1518 247 1576; x_wconf 89' lang='lat' dir='ltr'>sit.</span> <span class='ocrx_word' id='word_1_101' title='bbox 292 1517 372 1592; x_wconf 91' lang='lat' dir='ltr'>quod</span> <span class='ocrx_word' id='word_1_102' title='bbox 388 1515 555 1574; x_wconf 89' lang='lat' dir='ltr'>aedificium</span> <span class='ocrx_word' id='word_1_103' title='bbox 578 1515 707 1572; x_wconf 91' lang='lat' dir='ltr'>dirutum</span> <span class='ocrx_word' id='word_1_104' title='bbox 730 1513 769 1570; x_wconf 91' lang='lat' dir='ltr'>sit</span> <span class='ocrx_word' id='word_1_105' title='bbox 784 1522 903 1590; x_wconf 87' lang='lat' dir='ltr'>oportet</span> <span class='ocrx_word' id='word_1_106' title='bbox 924 1520 975 1570; x_wconf 91' lang='lat' dir='ltr'>aut</span> <span class='ocrx_word' id='word_1_107' title='bbox 997 1521 1093 1570; x_wconf 91' lang='lat' dir='ltr'>totum</span> <span class='ocrx_word' id='word_1_108' title='bbox 1116 1521 1167 1569; x_wconf 91' lang='lat' dir='ltr'>aut</span> <span class='ocrx_word' id='word_1_109' title='bbox 1189 1510 1349 1568; x_wconf 81' lang='lat' dir='ltr'>maximam</span> <span class='ocrx_word' id='word_1_110' title='bbox 1371 1528 1437 1586; x_wconf 92' lang='lat' dir='ltr'>par·</span> 
     </span>
     <span class='ocr_line' id='line_1_11' title="bbox 107 1610 1437 1691; baseline -0.007 -15"><span class='ocrx_word' id='word_1_111' title='bbox 107 1625 166 1676; x_wconf 89' lang='lat' dir='ltr'>tem</span> <span class='ocrx_word' id='word_1_112' title='bbox 194 1626 262 1677; x_wconf 87' lang='lat' dir='ltr'>ante</span> <span class='ocrx_word' id='word_1_113' title='bbox 288 1637 399 1677; x_wconf 88' lang='lat' dir='ltr'>annum</span> <span class='ocrx_word' id='word_1_114' title='bbox 424 1618 513 1686; x_wconf 84' lang='grc'><strong>1546,</strong></span> <span class='ocrx_word' id='word_1_115' title='bbox 546 1635 611 1675; x_wconf 91' lang='lat' dir='ltr'>cum</span> <span class='ocrx_word' id='word_1_116' title='bbox 641 1616 818 1691; x_wconf 87' lang='lat' dir='ltr'>praesertim</span> <span class='ocrx_word' id='word_1_117' title='bbox 847 1616 873 1674; x_wconf 90' lang='lat' dir='ltr'>si</span> <span class='ocrx_word' id='word_1_118' title='bbox 902 1623 980 1673; x_wconf 88' lang='lat' dir='ltr'>recte</span> <span class='ocrx_word' id='word_1_119' title='bbox 1008 1613 1142 1672; x_wconf 79' lang='lat' dir='ltr'>Fioretlii</span> <span class='ocrx_word' id='word_1_120' title='bbox 1169 1614 1259 1671; x_wconf 86' lang='lat' dir='ltr'>verba</span> <span class='ocrx_word' id='word_1_121' title='bbox 1291 1610 1437 1678; x_wconf 86' lang='lat' dir='ltr'>intellexi,</span> 
     </span>
     <span class='ocr_line' id='line_1_12' title="bbox 106 1714 1437 1795; baseline -0.008 -17"><span class='ocrx_word' id='word_1_122' title='bbox 106 1720 306 1795; x_wconf 81' lang='lat' dir='ltr'>fragmentum</span> <span class='ocrx_word' id='word_1_123' title='bbox 335 1741 363 1778; x_wconf 94' lang='lat' dir='ltr'>n.</span> <span class='ocrx_word' id='word_1_124' title='bbox 381 1719 420 1778; x_wconf 92' lang='grc'>76</span> <span class='ocrx_word' id='word_1_125' title='bbox 448 1718 584 1777; x_wconf 89' lang='lat' dir='ltr'>aedificio</span> <span class='ocrx_word' id='word_1_126' title='bbox 611 1718 725 1776; x_wconf 76' lang='lat' dir='ltr'>ultimis</span> <span class='ocrx_word' id='word_1_127' title='bbox 751 1717 865 1794; x_wconf 91' lang='lat' dir='ltr'>imperii</span> <span class='ocrx_word' id='word_1_128' title='bbox 892 1717 1008 1775; x_wconf 90' lang='lat' dir='ltr'>romani</span> <span class='ocrx_word' id='word_1_129' title='bbox 1035 1716 1221 1794; x_wconf 85' lang='lat' dir='ltr'>temporibus</span> <span class='ocrx_word' id='word_1_130' title='bbox 1243 1714 1290 1773; x_wconf 90' lang='lat' dir='ltr'>vel</span> <span class='ocrx_word' id='word_1_131' title='bbox 1317 1714 1437 1771; x_wconf 91' lang='lat' dir='ltr'>ineunte</span> 
     </span>
     <span class='ocr_line' id='line_1_13' title="bbox 107 1819 947 1898; baseline -0.005 -18"><span class='ocrx_word' id='word_1_132' title='bbox 107 1822 206 1880; x_wconf 91' lang='lat' dir='ltr'>media</span> <span class='ocrx_word' id='word_1_133' title='bbox 227 1841 316 1898; x_wconf 88' lang='lat' dir='ltr'>quam</span> <span class='ocrx_word' id='word_1_134' title='bbox 338 1822 442 1880; x_wconf 89' lang='lat' dir='ltr'>dicunt</span> <span class='ocrx_word' id='word_1_135' title='bbox 463 1829 560 1880; x_wconf 89' lang='lat' dir='ltr'>aetate</span> <span class='ocrx_word' id='word_1_136' title='bbox 582 1820 660 1878; x_wconf 87' lang='lat' dir='ltr'>facto</span> <span class='ocrx_word' id='word_1_137' title='bbox 681 1820 826 1878; x_wconf 89' lang='lat' dir='ltr'>insertum</span> <span class='ocrx_word' id='word_1_138' title='bbox 849 1819 947 1877; x_wconf 87' lang='lat' dir='ltr'>fuerit.</span> 
     </span>
    </p>

    <p class='ocr_par' dir='ltr' id='par_1_3' title="bbox 106 1919 1439 5141">
     <span class='ocr_line' id='line_1_14' title="bbox 191 1919 1436 1999; baseline -0.007 -16"><span class='ocrx_word' id='word_1_139' title='bbox 191 1922 316 1999; x_wconf 89' lang='lat' dir='ltr'>Collegii</span> <span class='ocrx_word' id='word_1_140' title='bbox 339 1923 527 1982; x_wconf 89' lang='lat' dir='ltr'>sacerdotum</span> <span class='ocrx_word' id='word_1_141' title='bbox 550 1923 629 1998; x_wconf 90' lang='lat' dir='ltr'>quod</span> <span class='ocrx_word' id='word_1_142' title='bbox 657 1923 687 1980; x_wconf 92' lang='lat' dir='ltr'>in</span> <span class='ocrx_word' id='word_1_143' title='bbox 713 1921 787 1980; x_wconf 86' lang='lat' dir='ltr'>aede</span> <span class='ocrx_word' id='word_1_144' title='bbox 808 1921 891 1979; x_wconf 87' lang='lat' dir='ltr'>lovis</span> <span class='ocrx_word' id='word_1_145' title='bbox 915 1920 1151 1998; x_wconf 88' lang='lat' dir='ltr'>Propugnatoris</span> <span class='ocrx_word' id='word_1_146' title='bbox 1173 1922 1203 1978; x_wconf 90' lang='lat' dir='ltr'>in</span> <span class='ocrx_word' id='word_1_147' title='bbox 1226 1919 1345 1977; x_wconf 89' lang='lat' dir='ltr'>Palatio</span> <span class='ocrx_word' id='word_1_148' title='bbox 1368 1936 1436 1975; x_wconf 88' lang='lat' dir='ltr'>oon·</span> 
     </span>
     <span class='ocr_line' id='line_1_15' title="bbox 109 2010 1437 2101; baseline -0.007 -16"><span class='ocrx_word' id='word_1_149' title='bbox 109 2026 236 2097; x_wconf 81' lang='lat' dir='ltr'>sistebat</span> <span class='ocrx_word' id='word_1_150' title='bbox 261 2027 358 2086; x_wconf 88' lang='lat' dir='ltr'>fastos</span> <span class='ocrx_word' id='word_1_151' title='bbox 384 2010 496 2084; x_wconf 86' lang='lat' dir='ltr'>ibidem</span> <span class='ocrx_word' id='word_1_152' title='bbox 523 2026 595 2083; x_wconf 91' lang='lat' dir='ltr'>olim</span> <span class='ocrx_word' id='word_1_153' title='bbox 622 2024 794 2101; x_wconf 88' lang='lat' dir='ltr'>propositos</span> <span class='ocrx_word' id='word_1_154' title='bbox 817 2042 884 2082; x_wconf 91' lang='lat' dir='ltr'>esse</span> <span class='ocrx_word' id='word_1_155' title='bbox 909 2023 1036 2081; x_wconf 85' lang='lat' dir='ltr'>dixeris:</span> <span class='ocrx_word' id='word_1_156' title='bbox 1064 2032 1095 2080; x_wconf 90' lang='lat' dir='ltr'>at</span> <span class='ocrx_word' id='word_1_157' title='bbox 1118 2028 1238 2098; x_wconf 88' lang='lat' dir='ltr'>reperta</span> <span class='ocrx_word' id='word_1_158' title='bbox 1263 2030 1333 2080; x_wconf 88' lang='grc'><strong>1111</strong></span> <span class='ocrx_word' id='word_1_159' title='bbox 1357 2020 1437 2095; x_wconf 87' lang='lat' dir='ltr'>frag·</span> 
     </span>
     <span class='ocr_line' id='line_1_16' title="bbox 109 2122 1436 2199; baseline -0.007 -13"><span class='ocrx_word' id='word_1_160' title='bbox 109 2139 208 2187; x_wconf 88' lang='lat' dir='ltr'>menta</span> <span class='ocrx_word' id='word_1_161' title='bbox 240 2129 298 2187; x_wconf 92' lang='lat' dir='ltr'>duo</span> <span class='ocrx_word' id='word_1_162' title='bbox 331 2147 433 2187; x_wconf 89' lang='lat' dir='ltr'>eorum</span> <span class='ocrx_word' id='word_1_163' title='bbox 465 2128 495 2184; x_wconf 92' lang='lat' dir='ltr'>iu</span> <span class='ocrx_word' id='word_1_164' title='bbox 528 2127 654 2185; x_wconf 86' lang='lat' dir='ltr'>basilica</span> <span class='ocrx_word' id='word_1_165' title='bbox 679 2127 759 2184; x_wconf 93' lang='lat' dir='ltr'>lulia</span> <span class='ocrx_word' id='word_1_166' title='bbox 790 2145 836 2184; x_wconf 90' lang='lat' dir='ltr'>aa.</span> <span class='ocrx_word' id='word_1_167' title='bbox 863 2125 950 2183; x_wconf 87' lang='grc'><strong>1848.</strong></span> <span class='ocrx_word' id='word_1_168' title='bbox 982 2124 1057 2182; x_wconf 89' lang='grc'><strong>1871</strong></span> <span class='ocrx_word' id='word_1_169' title='bbox 1087 2126 1130 2199; x_wconf 91' lang='lat' dir='ltr'>(n.</span> <span class='ocrx_word' id='word_1_170' title='bbox 1147 2125 1196 2183; x_wconf 89' lang='grc'>38.</span> <span class='ocrx_word' id='word_1_171' title='bbox 1220 2122 1285 2197; x_wconf 84' lang='grc'><strong>39),</strong></span> <span class='ocrx_word' id='word_1_172' title='bbox 1318 2123 1436 2180; x_wconf 89' lang='lat' dir='ltr'>tertium</span> 
     </span>
     <span class='ocr_line' id='line_1_17' title="bbox 108 2226 1436 2307; baseline -0.008 -18"><span class='ocrx_word' id='word_1_173' title='bbox 108 2230 215 2307; x_wconf 91' lang='lat' dir='ltr'>Poggii</span> <span class='ocrx_word' id='word_1_174' title='bbox 248 2238 346 2289; x_wconf 86' lang='lat' dir='ltr'>aetate</span> <span class='ocrx_word' id='word_1_175' title='bbox 379 2232 503 2289; x_wconf 88' lang='lat' dir='ltr'>extabat</span> <span class='ocrx_word' id='word_1_176' title='bbox 534 2231 565 2287; x_wconf 91' lang='lat' dir='ltr'>in</span> <span class='ocrx_word' id='word_1_177' title='bbox 598 2228 741 2287; x_wconf 89' lang='lat' dir='ltr'>ecclesiae</span> <span class='ocrx_word' id='word_1_178' title='bbox 769 2226 799 2288; x_wconf 90' lang='lat' dir='ltr'>S.</span> <span class='ocrx_word' id='word_1_179' title='bbox 828 2228 976 2286; x_wconf 81' lang='lat' dir='ltr'>Martinus</span> <span class='ocrx_word' id='word_1_180' title='bbox 1002 2226 1045 2302; x_wconf 92' lang='lat' dir='ltr'>(n.</span> <span class='ocrx_word' id='word_1_181' title='bbox 1065 2226 1126 2301; x_wconf 87' lang='grc'><strong>19).</strong></span> <span class='ocrx_word' id='word_1_182' title='bbox 1170 2226 1257 2285; x_wconf 87' lang='lat' dir='ltr'>etiam</span> <span class='ocrx_word' id='word_1_183' title='bbox 1290 2226 1436 2282; x_wconf 89' lang='lat' dir='ltr'>fastorum</span> 
     </span>
     <span class='ocr_line' id='line_1_18' title="bbox 107 2332 1436 2408; baseline -0.006 -17"><span class='ocrx_word' id='word_1_184' title='bbox 107 2350 252 2408; x_wconf 87' lang='lat' dir='ltr'>augurum</span> <span class='ocrx_word' id='word_1_185' title='bbox 275 2333 472 2408; x_wconf 86' lang='lat' dir='ltr'>fragmentum</span> <span class='ocrx_word' id='word_1_186' title='bbox 495 2332 525 2389; x_wconf 91' lang='lat' dir='ltr'>in</span> <span class='ocrx_word' id='word_1_187' title='bbox 547 2333 614 2390; x_wconf 92' lang='lat' dir='ltr'>foro</span> <span class='ocrx_word' id='word_1_188' title='bbox 636 2341 786 2406; x_wconf 88' lang='lat' dir='ltr'>repertum</span> <span class='ocrx_word' id='word_1_189' title='bbox 809 2340 868 2389; x_wconf 90' lang='lat' dir='ltr'>est:</span> <span class='ocrx_word' id='word_1_190' title='bbox 892 2349 987 2405; x_wconf 90' lang='lat' dir='ltr'>neque</span> <span class='ocrx_word' id='word_1_191' title='bbox 1003 2347 1073 2387; x_wconf 91' lang='lat' dir='ltr'>vero</span> <span class='ocrx_word' id='word_1_192' title='bbox 1097 2336 1177 2386; x_wconf 91' lang='lat' dir='ltr'>certo</span> <span class='ocrx_word' id='word_1_193' title='bbox 1200 2333 1319 2385; x_wconf 90' lang='lat' dir='ltr'>constat</span> <span class='ocrx_word' id='word_1_194' title='bbox 1340 2336 1436 2384; x_wconf 94' lang='lat' dir='ltr'>utrum</span> 
     </span>
     <span class='ocr_line' id='line_1_19' title="bbox 107 2427 1437 2510; baseline -0.006 -17"><span class='ocrx_word' id='word_1_195' title='bbox 107 2436 186 2493; x_wconf 87' lang='lat' dir='ltr'>inter</span> <span class='ocrx_word' id='word_1_196' title='bbox 212 2434 321 2510; x_wconf 89' lang='lat' dir='ltr'>templa</span> <span class='ocrx_word' id='word_1_197' title='bbox 343 2434 509 2492; x_wconf 85' lang='lat' dir='ltr'>Faustinae</span> <span class='ocrx_word' id='word_1_198' title='bbox 535 2442 565 2492; x_wconf 86' lang='lat' dir='ltr'>et</span> <span class='ocrx_word' id='word_1_199' title='bbox 588 2432 723 2492; x_wconf 80' lang='lat' dir='ltr'>Castoris</span> <span class='ocrx_word' id='word_1_200' title='bbox 753 2453 791 2491; x_wconf 92' lang='lat' dir='ltr'>an</span> <span class='ocrx_word' id='word_1_201' title='bbox 817 2434 848 2490; x_wconf 94' lang='lat' dir='ltr'>in</span> <span class='ocrx_word' id='word_1_202' title='bbox 874 2450 945 2490; x_wconf 88' lang='lat' dir='ltr'>area</span> <span class='ocrx_word' id='word_1_203' title='bbox 969 2432 1026 2489; x_wconf 90' lang='lat' dir='ltr'>fori</span> <span class='ocrx_word' id='word_1_204' title='bbox 1051 2430 1176 2488; x_wconf 88' lang='lat' dir='ltr'>iacuerit</span> <span class='ocrx_word' id='word_1_205' title='bbox 1200 2428 1242 2503; x_wconf 86' lang='lat' dir='ltr'>(v.</span> <span class='ocrx_word' id='word_1_206' title='bbox 1266 2429 1305 2487; x_wconf 91' lang='lat' dir='ltr'>ad</span> <span class='ocrx_word' id='word_1_207' title='bbox 1327 2427 1437 2502; x_wconf 79' lang='grc'><strong>175).</strong></span> 
     </span>
     <span class='ocr_line' id='line_1_20' title="bbox 107 2529 1438 2613; baseline -0.008 -18"><span class='ocrx_word' id='word_1_208' title='bbox 107 2549 262 2613; x_wconf 86' lang='lat' dir='ltr'>praeterea</span> <span class='ocrx_word' id='word_1_209' title='bbox 282 2537 453 2594; x_wconf 87' lang='lat' dir='ltr'>kalatorum</span> <span class='ocrx_word' id='word_1_210' title='bbox 476 2536 648 2613; x_wconf 83' lang='lat' dir='ltr'>pontificum</span> <span class='ocrx_word' id='word_1_211' title='bbox 675 2542 706 2593; x_wconf 87' lang='lat' dir='ltr'>et</span> <span class='ocrx_word' id='word_1_212' title='bbox 731 2536 883 2593; x_wconf 88' lang='lat' dir='ltr'>flaminum</span> <span class='ocrx_word' id='word_1_213' title='bbox 910 2534 1010 2591; x_wconf 89' lang='lat' dir='ltr'>album</span> <span class='ocrx_word' id='word_1_214' title='bbox 1033 2553 1050 2591; x_wconf 90' lang='lat' dir='ltr'>e</span> <span class='ocrx_word' id='word_1_215' title='bbox 1072 2532 1215 2591; x_wconf 84' lang='lat' dir='ltr'>basilicae</span> <span class='ocrx_word' id='word_1_216' title='bbox 1236 2531 1332 2589; x_wconf 89' lang='lat' dir='ltr'>Iuliae</span> <span class='ocrx_word' id='word_1_217' title='bbox 1353 2529 1438 2586; x_wconf 92' lang='lat' dir='ltr'>rude-</span> 
     </span>
     <span class='ocr_line' id='line_1_21' title="bbox 108 2634 1439 2714; baseline -0.007 -17"><span class='ocrx_word' id='word_1_218' title='bbox 108 2640 191 2697; x_wconf 86' lang='lat' dir='ltr'>ribus</span> <span class='ocrx_word' id='word_1_219' title='bbox 215 2638 338 2714; x_wconf 87' lang='grc'><strong>(1.37),</strong></span> <span class='ocrx_word' id='word_1_220' title='bbox 366 2639 434 2697; x_wconf 89' lang='lat' dir='ltr'>item</span> <span class='ocrx_word' id='word_1_221' title='bbox 463 2640 674 2714; x_wconf 88' lang='lat' dir='ltr'>magistrorum</span> <span class='ocrx_word' id='word_1_222' title='bbox 700 2637 820 2712; x_wconf 85' lang='lat' dir='ltr'>collegii</span> <span class='ocrx_word' id='word_1_223' title='bbox 847 2636 1000 2693; x_wconf 89' lang='lat' dir='ltr'>tibicinum</span> <span class='ocrx_word' id='word_1_224' title='bbox 1022 2636 1073 2710; x_wconf 91' lang='lat' dir='ltr'>qui</span> <span class='ocrx_word' id='word_1_225' title='bbox 1096 2634 1190 2692; x_wconf 88' lang='lat' dir='ltr'>saeris</span> <span class='ocrx_word' id='word_1_226' title='bbox 1213 2652 1242 2708; x_wconf 94' lang='lat' dir='ltr'>p.</span> <span class='ocrx_word' id='word_1_227' title='bbox 1265 2654 1289 2690; x_wconf 90' lang='lat' dir='ltr'>r.</span> <span class='ocrx_word' id='word_1_228' title='bbox 1313 2651 1439 2709; x_wconf 91' lang='lat' dir='ltr'>appare·</span> 
     </span>
     <span class='ocr_line' id='line_1_22' title="bbox 109 2733 1438 2816; baseline -0.008 -17"><span class='ocrx_word' id='word_1_229' title='bbox 109 2742 182 2799; x_wconf 89' lang='lat' dir='ltr'>bant</span> <span class='ocrx_word' id='word_1_230' title='bbox 208 2741 288 2799; x_wconf 89' lang='lat' dir='ltr'>haud</span> <span class='ocrx_word' id='word_1_231' title='bbox 314 2742 418 2816; x_wconf 88' lang='lat' dir='ltr'>procul</span> <span class='ocrx_word' id='word_1_232' title='bbox 444 2762 462 2798; x_wconf 88' lang='lat' dir='ltr'>a</span> <span class='ocrx_word' id='word_1_233' title='bbox 488 2740 625 2798; x_wconf 90' lang='lat' dir='ltr'>columna</span> <span class='ocrx_word' id='word_1_234' title='bbox 649 2740 749 2797; x_wconf 86' lang='lat' dir='ltr'>Focae</span> <span class='ocrx_word' id='word_1_235' title='bbox 783 2739 835 2796; x_wconf 88' lang='lat' dir='ltr'>sed</span> <span class='ocrx_word' id='word_1_236' title='bbox 863 2738 977 2795; x_wconf 88' lang='lat' dir='ltr'>inserta</span> <span class='ocrx_word' id='word_1_237' title='bbox 1002 2737 1145 2795; x_wconf 88' lang='lat' dir='ltr'>aedificiis</span> <span class='ocrx_word' id='word_1_238' title='bbox 1172 2735 1270 2794; x_wconf 91' lang='lat' dir='ltr'>medio</span> <span class='ocrx_word' id='word_1_239' title='bbox 1296 2753 1371 2792; x_wconf 85' lang='lat' dir='ltr'>aevo</span> <span class='ocrx_word' id='word_1_240' title='bbox 1397 2733 1438 2790; x_wconf 94' lang='lat' dir='ltr'>ibi</span> 
     </span>
     <span class='ocr_line' id='line_1_23' title="bbox 108 2834 1439 2918; baseline -0.007 -17"><span class='ocrx_word' id='word_1_241' title='bbox 108 2843 265 2914; x_wconf 88' lang='lat' dir='ltr'>extructis,</span> <span class='ocrx_word' id='word_1_242' title='bbox 292 2852 325 2901; x_wconf 93' lang='lat' dir='ltr'>ut</span> <span class='ocrx_word' id='word_1_243' title='bbox 350 2861 410 2918; x_wconf 91' lang='lat' dir='ltr'>quo</span> <span class='ocrx_word' id='word_1_244' title='bbox 436 2843 503 2900; x_wconf 88' lang='lat' dir='ltr'>loco</span> <span class='ocrx_word' id='word_1_245' title='bbox 526 2842 691 2918; x_wconf 90' lang='lat' dir='ltr'>antiquitus</span> <span class='ocrx_word' id='word_1_246' title='bbox 715 2841 840 2913; x_wconf 88' lang='lat' dir='ltr'>steterit,</span> <span class='ocrx_word' id='word_1_247' title='bbox 863 2859 922 2898; x_wconf 93' lang='lat' dir='ltr'>non</span> <span class='ocrx_word' id='word_1_248' title='bbox 944 2849 1127 2915; x_wconf 87' lang='lat' dir='ltr'>compertum</span> <span class='ocrx_word' id='word_1_249' title='bbox 1149 2839 1313 2896; x_wconf 90' lang='lat' dir='ltr'>habeamus</span> <span class='ocrx_word' id='word_1_250' title='bbox 1335 2836 1377 2911; x_wconf 86' lang='lat' dir='ltr'>(v.</span> <span class='ocrx_word' id='word_1_251' title='bbox 1400 2834 1439 2892; x_wconf 87' lang='lat' dir='ltr'>ad</span> 
     </span>
     <span class='ocr_line' id='line_1_24' title="bbox 107 2937 1435 3020; baseline -0.006 -17"><span class='ocrx_word' id='word_1_252' title='bbox 107 2945 238 3020; x_wconf 82' lang='grc'><strong>1151).</strong></span> <span class='ocrx_word' id='word_1_253' title='bbox 283 2944 320 3002; x_wconf 89' lang='lat' dir='ltr'>ab</span> <span class='ocrx_word' id='word_1_254' title='bbox 342 2944 389 3002; x_wconf 90' lang='lat' dir='ltr'>his</span> <span class='ocrx_word' id='word_1_255' title='bbox 412 2952 444 3002; x_wconf 91' lang='lat' dir='ltr'>ut</span> <span class='ocrx_word' id='word_1_256' title='bbox 466 2945 601 3002; x_wconf 87' lang='lat' dir='ltr'>ordiatur</span> <span class='ocrx_word' id='word_1_257' title='bbox 626 2944 732 3014; x_wconf 90' lang='lat' dir='ltr'>oratio,</span> <span class='ocrx_word' id='word_1_258' title='bbox 761 2943 940 3001; x_wconf 88' lang='lat' dir='ltr'>Mommseni</span> <span class='ocrx_word' id='word_1_259' title='bbox 966 2941 1138 3017; x_wconf 88' lang='lat' dir='ltr'>opinionem</span> <span class='ocrx_word' id='word_1_260' title='bbox 1160 2939 1237 2998; x_wconf 89' lang='lat' dir='ltr'>Bull.</span> <span class='ocrx_word' id='word_1_261' title='bbox 1261 2940 1289 2997; x_wconf 88' lang='lat' dir='ltr'>d.</span> <span class='ocrx_word' id='word_1_262' title='bbox 1312 2940 1331 2996; x_wconf 92' lang='lat' dir='ltr'>i.</span> <span class='ocrx_word' id='word_1_263' title='bbox 1358 2937 1435 2995; x_wconf 88' lang='grc'><strong>1873</strong></span> 
     </span>
     <span class='ocr_line' id='line_1_25' title="bbox 106 3042 1437 3125; baseline -0.006 -19"><span class='ocrx_word' id='word_1_264' title='bbox 106 3068 136 3125; x_wconf 90' lang='lat' dir='ltr'>p.</span> <span class='ocrx_word' id='word_1_265' title='bbox 153 3048 192 3106; x_wconf 88' lang='grc'>42</span> <span class='ocrx_word' id='word_1_266' title='bbox 216 3048 414 3123; x_wconf 88' lang='lat' dir='ltr'>significatam</span> <span class='ocrx_word' id='word_1_267' title='bbox 437 3048 564 3122; x_wconf 85' lang='lat' dir='ltr'>probare</span> <span class='ocrx_word' id='word_1_268' title='bbox 586 3067 647 3105; x_wconf 93' lang='lat' dir='ltr'>non</span> <span class='ocrx_word' id='word_1_269' title='bbox 669 3064 806 3121; x_wconf 88' lang='lat' dir='ltr'>possum,</span> <span class='ocrx_word' id='word_1_270' title='bbox 840 3045 999 3103; x_wconf 88' lang='lat' dir='ltr'>stationem</span> <span class='ocrx_word' id='word_1_271' title='bbox 1022 3043 1196 3102; x_wconf 88' lang='lat' dir='ltr'>sobolamve</span> <span class='ocrx_word' id='word_1_272' title='bbox 1219 3042 1372 3100; x_wconf 86' lang='lat' dir='ltr'>tibicinum</span> <span class='ocrx_word' id='word_1_273' title='bbox 1394 3042 1437 3099; x_wconf 89' lang='lat' dir='ltr'>vi·</span> 
     </span>
     <span class='ocr_line' id='line_1_26' title="bbox 108 3145 1436 3222; baseline -0.005 -15"><span class='ocrx_word' id='word_1_274' title='bbox 108 3150 204 3207; x_wconf 88' lang='lat' dir='ltr'>cinam</span> <span class='ocrx_word' id='word_1_275' title='bbox 228 3148 347 3206; x_wconf 89' lang='lat' dir='ltr'>Palatio</span> <span class='ocrx_word' id='word_1_276' title='bbox 380 3167 444 3207; x_wconf 90' lang='lat' dir='ltr'>eam</span> <span class='ocrx_word' id='word_1_277' title='bbox 479 3151 517 3207; x_wconf 92' lang='lat' dir='ltr'>ob</span> <span class='ocrx_word' id='word_1_278' title='bbox 550 3168 672 3207; x_wconf 86' lang='lat' dir='ltr'>eausam</span> <span class='ocrx_word' id='word_1_279' title='bbox 696 3148 789 3206; x_wconf 89' lang='lat' dir='ltr'>videri</span> <span class='ocrx_word' id='word_1_280' title='bbox 822 3147 919 3205; x_wconf 88' lang='lat' dir='ltr'>fuisse</span> <span class='ocrx_word' id='word_1_281' title='bbox 943 3146 1023 3222; x_wconf 93' lang='lat' dir='ltr'>quod</span> <span class='ocrx_word' id='word_1_282' title='bbox 1057 3155 1160 3204; x_wconf 91' lang='lat' dir='ltr'>nostra</span> <span class='ocrx_word' id='word_1_283' title='bbox 1191 3145 1274 3202; x_wconf 89' lang='lat' dir='ltr'>basis</span> <span class='ocrx_word' id='word_1_284' title='bbox 1296 3145 1436 3201; x_wconf 91' lang='lat' dir='ltr'>nimirum</span> 
     </span>
     <span class='ocr_line' id='line_1_27' title="bbox 108 3245 1436 3325; baseline -0.005 -18"><span class='ocrx_word' id='word_1_285' title='bbox 108 3250 173 3307; x_wconf 88' lang='lat' dir='ltr'>Iovi</span> <span class='ocrx_word' id='word_1_286' title='bbox 196 3249 328 3325; x_wconf 85' lang='lat' dir='ltr'>Epuloni</span> <span class='ocrx_word' id='word_1_287' title='bbox 351 3251 490 3308; x_wconf 86' lang='grc'><strong>11111111</strong></span> <span class='ocrx_word' id='word_1_288' title='bbox 512 3251 589 3320; x_wconf 87' lang='grc'><strong>1111,</strong></span> <span class='ocrx_word' id='word_1_289' title='bbox 612 3251 707 3308; x_wconf 88' lang='grc'><strong>111111</strong></span> <span class='ocrx_word' id='word_1_290' title='bbox 729 3249 797 3323; x_wconf 90' lang='lat' dir='ltr'>(Or.</span> <span class='ocrx_word' id='word_1_291' title='bbox 821 3249 915 3325; x_wconf 88' lang='lat'>1803)</span> <span class='ocrx_word' id='word_1_292' title='bbox 938 3249 976 3305; x_wconf 94' lang='lat' dir='ltr'>ab</span> <span class='ocrx_word' id='word_1_293' title='bbox 998 3248 1129 3306; x_wconf 91' lang='lat' dir='ltr'>eiusdem</span> <span class='ocrx_word' id='word_1_294' title='bbox 1152 3246 1270 3321; x_wconf 88' lang='lat' dir='ltr'>collegii</span> <span class='ocrx_word' id='word_1_295' title='bbox 1293 3245 1436 3321; x_wconf 83' lang='lat' dir='ltr'>magistro</span> 
     </span>
     <span class='ocr_line' id='line_1_28' title="bbox 107 3348 1437 3427; baseline -0.005 -18"><span class='ocrx_word' id='word_1_296' title='bbox 107 3352 245 3410; x_wconf 89' lang='lat' dir='ltr'>dedicata</span> <span class='ocrx_word' id='word_1_297' title='bbox 265 3355 375 3409; x_wconf 83' lang='lat' dir='ltr'>numini</span> <span class='ocrx_word' id='word_1_298' title='bbox 395 3352 494 3410; x_wconf 75' lang='lat' dir='ltr'>dotans</span> <span class='ocrx_word' id='word_1_299' title='bbox 513 3350 718 3427; x_wconf 69' lang='lat' dir='ltr'>Augustorum,</span> <span class='ocrx_word' id='word_1_300' title='bbox 739 3351 879 3409; x_wconf 82' lang='lat' dir='ltr'>Victoriae</span> <span class='ocrx_word' id='word_1_301' title='bbox 900 3369 1031 3420; x_wconf 61' lang='lat' dir='ltr'>aceruum</span> <span class='ocrx_word' id='word_1_302' title='bbox 1057 3349 1146 3408; x_wconf 83' lang='lat' dir='ltr'>Genio</span> <span class='ocrx_word' id='word_1_303' title='bbox 1162 3349 1273 3424; x_wconf 68' lang='lat' dir='ltr'>collegii</span> <span class='ocrx_word' id='word_1_304' title='bbox 1295 3348 1437 3406; x_wconf 79' lang='lat' dir='ltr'>tibicinum</span> 
     </span>
     <span class='ocr_line' id='line_1_29' title="bbox 106 3449 1436 3528; baseline -0.004 -18"><span class='ocrx_word' id='word_1_305' title='bbox 106 3472 290 3512; x_wconf 81' lang='lat' dir='ltr'>romanorum</span> <span class='ocrx_word' id='word_1_306' title='bbox 312 3462 381 3512; x_wconf 90' lang='lat' dir='ltr'>oett.</span> <span class='ocrx_word' id='word_1_307' title='bbox 424 3453 463 3510; x_wconf 89' lang='lat' dir='ltr'>ad</span> <span class='ocrx_word' id='word_1_308' title='bbox 490 3472 590 3510; x_wconf 91' lang='lat' dir='ltr'>arcum</span> <span class='ocrx_word' id='word_1_309' title='bbox 614 3451 813 3525; x_wconf 86' lang='lat' dir='ltr'>Constantini,</span> <span class='ocrx_word' id='word_1_310' title='bbox 840 3453 928 3510; x_wconf 89' lang='lat' dir='ltr'>tertia</span> <span class='ocrx_word' id='word_1_311' title='bbox 951 3451 1018 3527; x_wconf 92' lang='lat' dir='ltr'>(Or.</span> <span class='ocrx_word' id='word_1_312' title='bbox 1042 3449 1137 3525; x_wconf 86' lang='grc'><strong>2448)</strong></span> <span class='ocrx_word' id='word_1_313' title='bbox 1164 3451 1222 3528; x_wconf 92' lang='lat' dir='ltr'>ipsi</span> <span class='ocrx_word' id='word_1_314' title='bbox 1249 3449 1376 3525; x_wconf 89' lang='lat' dir='ltr'>collegio</span> <span class='ocrx_word' id='word_1_315' title='bbox 1398 3449 1436 3506; x_wconf 86' lang='lat' dir='ltr'>ab</span> 
     </span>
     <span class='ocr_line' id='line_1_30' title="bbox 108 3554 1436 3632; baseline -0.002 -19"><span class='ocrx_word' id='word_1_316' title='bbox 108 3556 232 3615; x_wconf 88' lang='lat' dir='ltr'>immuni</span> <span class='ocrx_word' id='word_1_317' title='bbox 259 3565 403 3632; x_wconf 91' lang='lat' dir='ltr'>perpetuo</span> <span class='ocrx_word' id='word_1_318' title='bbox 429 3555 567 3613; x_wconf 88' lang='lat' dir='ltr'>dedicata</span> <span class='ocrx_word' id='word_1_319' title='bbox 592 3555 630 3613; x_wconf 91' lang='lat' dir='ltr'>ad</span> <span class='ocrx_word' id='word_1_320' title='bbox 657 3555 853 3631; x_wconf 85' lang='lat' dir='ltr'>septizonium</span> <span class='ocrx_word' id='word_1_321' title='bbox 877 3554 1017 3612; x_wconf 89' lang='lat' dir='ltr'>inventae</span> <span class='ocrx_word' id='word_1_322' title='bbox 1044 3565 1121 3613; x_wconf 91' lang='lat' dir='ltr'>suut.</span> <span class='ocrx_word' id='word_1_323' title='bbox 1166 3573 1246 3621; x_wconf 83' lang='lat' dir='ltr'>nam,</span> <span class='ocrx_word' id='word_1_324' title='bbox 1268 3562 1302 3611; x_wconf 94' lang='lat' dir='ltr'>ut</span> <span class='ocrx_word' id='word_1_325' title='bbox 1323 3561 1436 3611; x_wconf 89' lang='lat' dir='ltr'>certum</span> 
     </span>
     <span class='ocr_line' id='line_1_31' title="bbox 108 3655 1437 3735; baseline -0.004 -18"><span class='ocrx_word' id='word_1_326' title='bbox 108 3660 157 3729; x_wconf 87' lang='lat' dir='ltr'>sit,</span> <span class='ocrx_word' id='word_1_327' title='bbox 185 3659 263 3735; x_wconf 90' lang='lat' dir='ltr'>quod</span> <span class='ocrx_word' id='word_1_328' title='bbox 290 3677 350 3716; x_wconf 92' lang='lat' dir='ltr'>non</span> <span class='ocrx_word' id='word_1_329' title='bbox 376 3666 431 3728; x_wconf 88' lang='lat' dir='ltr'>est,</span> <span class='ocrx_word' id='word_1_330' title='bbox 453 3666 588 3715; x_wconf 89' lang='lat' dir='ltr'>nostram</span> <span class='ocrx_word' id='word_1_331' title='bbox 611 3657 695 3716; x_wconf 88' lang='lat' dir='ltr'>basin</span> <span class='ocrx_word' id='word_1_332' title='bbox 721 3657 752 3715; x_wconf 91' lang='lat' dir='ltr'>in</span> <span class='ocrx_word' id='word_1_333' title='bbox 778 3657 843 3715; x_wconf 90' lang='lat' dir='ltr'>foro</span> <span class='ocrx_word' id='word_1_334' title='bbox 870 3656 1036 3714; x_wconf 86' lang='lat' dir='ltr'>dedicatam</span> <span class='ocrx_word' id='word_1_335' title='bbox 1063 3675 1140 3727; x_wconf 88' lang='lat' dir='ltr'>esse,</span> <span class='ocrx_word' id='word_1_336' title='bbox 1169 3674 1229 3714; x_wconf 90' lang='lat' dir='ltr'>non</span> <span class='ocrx_word' id='word_1_337' title='bbox 1253 3655 1336 3714; x_wconf 91' lang='lat' dir='ltr'>video</span> <span class='ocrx_word' id='word_1_338' title='bbox 1366 3655 1437 3733; x_wconf 92' lang='lat' dir='ltr'>quid</span> 
     </span>
     <span class='ocr_line' id='line_1_32' title="bbox 107 3757 1436 3835; baseline -0.005 -17"><span class='ocrx_word' id='word_1_339' title='bbox 107 3761 160 3818; x_wconf 90' lang='lat' dir='ltr'>tali</span> <span class='ocrx_word' id='word_1_340' title='bbox 184 3760 369 3819; x_wconf 87' lang='lat' dir='ltr'>dedicatione</span> <span class='ocrx_word' id='word_1_341' title='bbox 391 3760 456 3818; x_wconf 84' lang='lat' dir='ltr'>Iovi</span> <span class='ocrx_word' id='word_1_342' title='bbox 478 3758 609 3835; x_wconf 87' lang='lat' dir='ltr'>Epuloni</span> <span class='ocrx_word' id='word_1_343' title='bbox 636 3761 666 3817; x_wconf 93' lang='lat' dir='ltr'>in</span> <span class='ocrx_word' id='word_1_344' title='bbox 693 3760 759 3815; x_wconf 91' lang='lat' dir='ltr'>foro</span> <span class='ocrx_word' id='word_1_345' title='bbox 781 3759 862 3816; x_wconf 89' lang='lat' dir='ltr'>facta</span> <span class='ocrx_word' id='word_1_346' title='bbox 882 3758 921 3814; x_wconf 86' lang='lat' dir='ltr'>de</span> <span class='ocrx_word' id='word_1_347' title='bbox 949 3777 1051 3816; x_wconf 91' lang='lat' dir='ltr'>eorum</span> <span class='ocrx_word' id='word_1_348' title='bbox 1074 3760 1126 3833; x_wconf 92' lang='lat' dir='ltr'>qui</span> <span class='ocrx_word' id='word_1_349' title='bbox 1149 3758 1351 3816; x_wconf 89' lang='lat' dir='ltr'>dedicaverint</span> <span class='ocrx_word' id='word_1_350' title='bbox 1374 3757 1436 3815; x_wconf 89' lang='lat' dir='ltr'>sive</span> 
     </span>
     <span class='ocr_line' id='line_1_33' title="bbox 108 3858 1436 3935; baseline -0.005 -15"><span class='ocrx_word' id='word_1_351' title='bbox 108 3862 214 3921; x_wconf 82' lang='lat' dir='ltr'>subola</span> <span class='ocrx_word' id='word_1_352' title='bbox 239 3863 303 3919; x_wconf 85' lang='lat' dir='ltr'>sive</span> <span class='ocrx_word' id='word_1_353' title='bbox 331 3862 460 3920; x_wconf 89' lang='lat' dir='ltr'>statione</span> <span class='ocrx_word' id='word_1_354' title='bbox 486 3861 635 3935; x_wconf 88' lang='lat' dir='ltr'>probetur.</span> <span class='ocrx_word' id='word_1_355' title='bbox 683 3860 760 3917; x_wconf 91' lang='lat' dir='ltr'>idem</span> <span class='ocrx_word' id='word_1_356' title='bbox 787 3859 916 3935; x_wconf 87' lang='lat' dir='ltr'>pertinet</span> <span class='ocrx_word' id='word_1_357' title='bbox 947 3859 985 3916; x_wconf 91' lang='lat' dir='ltr'>ad</span> <span class='ocrx_word' id='word_1_358' title='bbox 1018 3859 1188 3917; x_wconf 86' lang='lat' dir='ltr'>kalatorum</span> <span class='ocrx_word' id='word_1_359' title='bbox 1216 3858 1336 3916; x_wconf 89' lang='lat' dir='ltr'>nomina</span> <span class='ocrx_word' id='word_1_360' title='bbox 1362 3876 1436 3915; x_wconf 89' lang='lat' dir='ltr'>saxo</span> 
     </span>
     <span class='ocr_line' id='line_1_34' title="bbox 108 3959 1436 4038; baseline -0.005 -16"><span class='ocrx_word' id='word_1_361' title='bbox 108 3983 275 4022; x_wconf 89' lang='lat' dir='ltr'>marmoreo</span> <span class='ocrx_word' id='word_1_362' title='bbox 301 3963 448 4038; x_wconf 89' lang='lat' dir='ltr'>inscripta</span> <span class='ocrx_word' id='word_1_363' title='bbox 477 3962 519 4038; x_wconf 88' lang='lat' dir='ltr'>(n.</span> <span class='ocrx_word' id='word_1_364' title='bbox 543 3963 612 4038; x_wconf 94' lang='grc'><strong>37),</strong></span> <span class='ocrx_word' id='word_1_365' title='bbox 636 3962 713 4020; x_wconf 89' lang='lat' dir='ltr'>idem</span> <span class='ocrx_word' id='word_1_366' title='bbox 740 3961 778 4019; x_wconf 92' lang='lat' dir='ltr'>ad</span> <span class='ocrx_word' id='word_1_367' title='bbox 804 3962 970 4020; x_wconf 79' lang='lat' dir='ltr'>decuriones</span> <span class='ocrx_word' id='word_1_368' title='bbox 997 3979 1017 4016; x_wconf 84' lang='lat' dir='ltr'>a</span> <span class='ocrx_word' id='word_1_369' title='bbox 1044 3960 1140 4036; x_wconf 85' lang='lat' dir='ltr'>eo(n)s</span> <span class='ocrx_word' id='word_1_370' title='bbox 1163 3960 1204 4037; x_wconf 78' lang='grc'>(1)</span> <span class='ocrx_word' id='word_1_371' title='bbox 1231 3960 1308 4019; x_wconf 89' lang='grc'><strong>111111</strong></span> <span class='ocrx_word' id='word_1_372' title='bbox 1337 3980 1365 4017; x_wconf 91' lang='lat' dir='ltr'>n.</span> <span class='ocrx_word' id='word_1_373' title='bbox 1386 3959 1436 4018; x_wconf 88' lang='grc'><strong>52.</strong></span> 
     </span>
     <span class='ocr_line' id='line_1_35' title="bbox 108 4062 1435 4140; baseline -0.005 -16"><span class='ocrx_word' id='word_1_374' title='bbox 108 4075 138 4124; x_wconf 88' lang='grc'>11</span> <span class='ocrx_word' id='word_1_375' title='bbox 154 4065 306 4124; x_wconf 89' lang='lat' dir='ltr'>sciendum</span> <span class='ocrx_word' id='word_1_376' title='bbox 323 4075 482 4140; x_wconf 90' lang='lat' dir='ltr'>utrumque</span> <span class='ocrx_word' id='word_1_377' title='bbox 496 4085 512 4123; x_wconf 90' lang='lat' dir='ltr'>e</span> <span class='ocrx_word' id='word_1_378' title='bbox 528 4064 670 4124; x_wconf 85' lang='lat' dir='ltr'>basilicae</span> <span class='ocrx_word' id='word_1_379' title='bbox 685 4064 781 4122; x_wconf 90' lang='lat' dir='ltr'>Iuliae</span> <span class='ocrx_word' id='word_1_380' title='bbox 795 4062 953 4122; x_wconf 87' lang='lat' dir='ltr'>ruderibus</span> <span class='ocrx_word' id='word_1_381' title='bbox 969 4062 1117 4139; x_wconf 86' lang='lat' dir='ltr'>prodisse,</span> <span class='ocrx_word' id='word_1_382' title='bbox 1133 4062 1270 4140; x_wconf 88' lang='lat' dir='ltr'>proxime</span> <span class='ocrx_word' id='word_1_383' title='bbox 1285 4071 1435 4137; x_wconf 90' lang='lat' dir='ltr'>repertum</span> 
     </span>
     <span class='ocr_line' id='line_1_36' title="bbox 108 4163 1435 4243; baseline -0.004 -19"><span class='ocrx_word' id='word_1_384' title='bbox 108 4185 176 4226; x_wconf 88' lang='grc'><strong>1111</strong></span> <span class='ocrx_word' id='word_1_385' title='bbox 197 4167 313 4225; x_wconf 90' lang='lat' dir='ltr'>titulum</span> <span class='ocrx_word' id='word_1_386' title='bbox 336 4168 484 4243; x_wconf 90' lang='lat' dir='ltr'>praetoris</span> <span class='ocrx_word' id='word_1_387' title='bbox 506 4167 546 4224; x_wconf 90' lang='lat' dir='ltr'>M.</span> <span class='ocrx_word' id='word_1_388' title='bbox 570 4165 667 4241; x_wconf 85' lang='lat' dir='ltr'>Cispii</span> <span class='ocrx_word' id='word_1_389' title='bbox 690 4164 773 4241; x_wconf 81' lang='grc'><strong>(32);</strong></span> <span class='ocrx_word' id='word_1_390' title='bbox 800 4184 877 4241; x_wconf 89' lang='lat' dir='ltr'>quae</span> <span class='ocrx_word' id='word_1_391' title='bbox 902 4174 1096 4224; x_wconf 90' lang='lat' dir='ltr'>monumenta</span> <span class='ocrx_word' id='word_1_392' title='bbox 1117 4174 1243 4241; x_wconf 91' lang='lat' dir='ltr'>possunt</span> <span class='ocrx_word' id='word_1_393' title='bbox 1263 4165 1293 4221; x_wconf 93' lang='lat' dir='ltr'>in</span> <span class='ocrx_word' id='word_1_394' title='bbox 1316 4163 1435 4241; x_wconf 89' lang='lat' dir='ltr'>portici-</span> 
     </span>
     <span class='ocr_line' id='line_1_37' title="bbox 107 4265 1435 4347; baseline -0.004 -20"><span class='ocrx_word' id='word_1_395' title='bbox 107 4271 165 4327; x_wconf 89' lang='lat' dir='ltr'>bus</span> <span class='ocrx_word' id='word_1_396' title='bbox 188 4269 331 4328; x_wconf 88' lang='lat' dir='ltr'>basilicae</span> <span class='ocrx_word' id='word_1_397' title='bbox 353 4278 459 4346; x_wconf 88' lang='lat' dir='ltr'>postea</span> <span class='ocrx_word' id='word_1_398' title='bbox 473 4268 709 4347; x_wconf 87' lang='lat' dir='ltr'>magnificentius</span> <span class='ocrx_word' id='word_1_399' title='bbox 730 4268 809 4327; x_wconf 92' lang='lat' dir='ltr'>omni</span> <span class='ocrx_word' id='word_1_400' title='bbox 832 4278 997 4326; x_wconf 89' lang='lat' dir='ltr'>statuarum</span> <span class='ocrx_word' id='word_1_401' title='bbox 1019 4286 1128 4345; x_wconf 88' lang='lat' dir='ltr'>genere</span> <span class='ocrx_word' id='word_1_402' title='bbox 1150 4266 1264 4324; x_wconf 91' lang='lat' dir='ltr'>ornatis</span> <span class='ocrx_word' id='word_1_403' title='bbox 1288 4266 1329 4342; x_wconf 91' lang='lat' dir='ltr'>(n.</span> <span class='ocrx_word' id='word_1_404' title='bbox 1347 4265 1435 4323; x_wconf 90' lang='grc'><strong>2811.</strong></span> 
     </span>
     <span class='ocr_line' id='line_1_38' title="bbox 110 4368 1437 4447; baseline -0.002 -20"><span class='ocrx_word' id='word_1_405' title='bbox 110 4370 214 4446; x_wconf 86' lang='grc'><strong>3311.)</strong></span> <span class='ocrx_word' id='word_1_406' title='bbox 237 4371 419 4430; x_wconf 88' lang='lat' dir='ltr'>remansisse</span> <span class='ocrx_word' id='word_1_407' title='bbox 442 4370 510 4429; x_wconf 91' lang='lat' dir='ltr'>inde</span> <span class='ocrx_word' id='word_1_408' title='bbox 532 4370 711 4446; x_wconf 87' lang='lat' dir='ltr'>abantiquo</span> <span class='ocrx_word' id='word_1_409' title='bbox 733 4378 876 4447; x_wconf 88' lang='lat' dir='ltr'>tempore.</span> <span class='ocrx_word' id='word_1_410' title='bbox 921 4371 974 4428; x_wconf 89' lang='lat' dir='ltr'>sed</span> <span class='ocrx_word' id='word_1_411' title='bbox 996 4390 1033 4428; x_wconf 91' lang='lat' dir='ltr'>ne</span> <span class='ocrx_word' id='word_1_412' title='bbox 1055 4371 1123 4428; x_wconf 90' lang='lat' dir='ltr'>huic</span> <span class='ocrx_word' id='word_1_413' title='bbox 1145 4369 1264 4446; x_wconf 90' lang='lat' dir='ltr'>quidem</span> <span class='ocrx_word' id='word_1_414' title='bbox 1288 4368 1437 4425; x_wconf 86' lang='lat' dir='ltr'>coniectu-</span> 
     </span>
     <span class='ocr_line' id='line_1_39' title="bbox 108 4468 1436 4550; baseline -0.002 -22"><span class='ocrx_word' id='word_1_415' title='bbox 108 4490 160 4530; x_wconf 88' lang='lat' dir='ltr'>rae</span> <span class='ocrx_word' id='word_1_416' title='bbox 182 4473 308 4531; x_wconf 90' lang='lat' dir='ltr'>multum</span> <span class='ocrx_word' id='word_1_417' title='bbox 336 4473 490 4530; x_wconf 90' lang='lat' dir='ltr'>tribuerim</span> <span class='ocrx_word' id='word_1_418' title='bbox 513 4472 654 4548; x_wconf 87' lang='lat' dir='ltr'>quoniam</span> <span class='ocrx_word' id='word_1_419' title='bbox 676 4473 708 4531; x_wconf 92' lang='lat' dir='ltr'>in</span> <span class='ocrx_word' id='word_1_420' title='bbox 735 4473 845 4550; x_wconf 86' lang='lat' dir='ltr'>angulo</span> <span class='ocrx_word' id='word_1_421' title='bbox 871 4473 1017 4530; x_wconf 89' lang='lat' dir='ltr'>basilicae</span> <span class='ocrx_word' id='word_1_422' title='bbox 1039 4492 1075 4530; x_wconf 92' lang='lat' dir='ltr'>eo</span> <span class='ocrx_word' id='word_1_423' title='bbox 1098 4472 1144 4530; x_wconf 92' lang='lat' dir='ltr'>cui</span> <span class='ocrx_word' id='word_1_424' title='bbox 1167 4469 1197 4529; x_wconf 88' lang='lat' dir='ltr'>S.</span> <span class='ocrx_word' id='word_1_425' title='bbox 1221 4470 1334 4528; x_wconf 86' lang='lat' dir='ltr'>Mariae</span> <span class='ocrx_word' id='word_1_426' title='bbox 1358 4468 1436 4528; x_wconf 89' lang='lat' dir='ltr'>Gra-</span> 
     </span>
     <span class='ocr_line' id='line_1_40' title="bbox 109 4571 1434 4651; baseline -0.002 -20"><span class='ocrx_word' id='word_1_427' title='bbox 109 4573 218 4631; x_wconf 90' lang='lat' dir='ltr'>tiarum</span> <span class='ocrx_word' id='word_1_428' title='bbox 244 4574 372 4632; x_wconf 88' lang='lat' dir='ltr'>ecclesia</span> <span class='ocrx_word' id='word_1_429' title='bbox 398 4574 586 4633; x_wconf 80' lang='lat' dir='ltr'>inaedificata</span> <span class='ocrx_word' id='word_1_430' title='bbox 608 4574 662 4633; x_wconf 90' lang='lat' dir='ltr'>fuit</span> <span class='ocrx_word' id='word_1_431' title='bbox 688 4575 856 4651; x_wconf 85' lang='lat' dir='ltr'>fragmenta</span> <span class='ocrx_word' id='word_1_432' title='bbox 878 4593 1045 4632; x_wconf 88' lang='lat' dir='ltr'>marmorea</span> <span class='ocrx_word' id='word_1_433' title='bbox 1071 4573 1109 4631; x_wconf 92' lang='lat' dir='ltr'>ad</span> <span class='ocrx_word' id='word_1_434' title='bbox 1136 4573 1248 4631; x_wconf 90' lang='lat' dir='ltr'>calcem</span> <span class='ocrx_word' id='word_1_435' title='bbox 1270 4571 1434 4629; x_wconf 87' lang='lat' dir='ltr'>faciendam</span> 
     </span>
     <span class='ocr_line' id='line_1_41' title="bbox 110 4673 1435 4753; baseline -0.002 -21"><span class='ocrx_word' id='word_1_436' title='bbox 110 4674 240 4752; x_wconf 89' lang='lat' dir='ltr'>undique</span> <span class='ocrx_word' id='word_1_437' title='bbox 261 4686 406 4752; x_wconf 87' lang='lat' dir='ltr'>congesta</span> <span class='ocrx_word' id='word_1_438' title='bbox 426 4686 547 4753; x_wconf 90' lang='lat' dir='ltr'>reperta</span> <span class='ocrx_word' id='word_1_439' title='bbox 569 4687 647 4735; x_wconf 90' lang='lat' dir='ltr'>sunt.</span> <span class='ocrx_word' id='word_1_440' title='bbox 692 4678 792 4752; x_wconf 89' lang='lat' dir='ltr'>itaque</span> <span class='ocrx_word' id='word_1_441' title='bbox 807 4676 937 4734; x_wconf 89' lang='lat' dir='ltr'>Palatini</span> <span class='ocrx_word' id='word_1_442' title='bbox 960 4694 1078 4752; x_wconf 90' lang='lat' dir='ltr'>quoque</span> <span class='ocrx_word' id='word_1_443' title='bbox 1097 4675 1214 4751; x_wconf 90' lang='lat' dir='ltr'>collegii</span> <span class='ocrx_word' id='word_1_444' title='bbox 1237 4673 1435 4750; x_wconf 87' lang='lat' dir='ltr'>auguralium·</span> 
     </span>
     <span class='ocr_line' id='line_1_42' title="bbox 110 4776 1434 4855; baseline -0.001 -21"><span class='ocrx_word' id='word_1_445' title='bbox 110 4797 167 4852; x_wconf 87' lang='lat' dir='ltr'>que</span> <span class='ocrx_word' id='word_1_446' title='bbox 194 4777 341 4835; x_wconf 89' lang='lat' dir='ltr'>fastorum</span> <span class='ocrx_word' id='word_1_447' title='bbox 363 4777 492 4853; x_wconf 90' lang='lat' dir='ltr'>paucula</span> <span class='ocrx_word' id='word_1_448' title='bbox 513 4778 567 4836; x_wconf 92' lang='lat' dir='ltr'>illa</span> <span class='ocrx_word' id='word_1_449' title='bbox 589 4780 754 4855; x_wconf 88' lang='lat' dir='ltr'>fragmenta</span> <span class='ocrx_word' id='word_1_450' title='bbox 780 4778 809 4835; x_wconf 92' lang='lat' dir='ltr'>in</span> <span class='ocrx_word' id='word_1_451' title='bbox 832 4798 898 4835; x_wconf 87' lang='lat' dir='ltr'>eum</span> <span class='ocrx_word' id='word_1_452' title='bbox 927 4779 1078 4854; x_wconf 87' lang='lat' dir='ltr'>regionem</span> <span class='ocrx_word' id='word_1_453' title='bbox 1101 4777 1228 4835; x_wconf 88' lang='lat' dir='ltr'>forsitan</span> <span class='ocrx_word' id='word_1_454' title='bbox 1251 4776 1289 4834; x_wconf 92' lang='lat' dir='ltr'>ad</span> <span class='ocrx_word' id='word_1_455' title='bbox 1311 4776 1434 4834; x_wconf 89' lang='lat' dir='ltr'>eundem</span> 
     </span>
     <span class='ocr_line' id='line_1_43' title="bbox 110 4877 1436 4955; baseline -0.001 -18"><span class='ocrx_word' id='word_1_456' title='bbox 110 4897 194 4937; x_wconf 88' lang='lat' dir='ltr'>usum</span> <span class='ocrx_word' id='word_1_457' title='bbox 216 4889 371 4954; x_wconf 86' lang='lat' dir='ltr'>asportata</span> <span class='ocrx_word' id='word_1_458' title='bbox 392 4881 462 4950; x_wconf 92' lang='lat' dir='ltr'>sint,</span> <span class='ocrx_word' id='word_1_459' title='bbox 491 4880 527 4937; x_wconf 87' lang='lat' dir='ltr'>de</span> <span class='ocrx_word' id='word_1_460' title='bbox 549 4881 687 4939; x_wconf 91' lang='lat' dir='ltr'>Palatino</span> <span class='ocrx_word' id='word_1_461' title='bbox 710 4889 809 4937; x_wconf 88' lang='lat' dir='ltr'>monte</span> <span class='ocrx_word' id='word_1_462' title='bbox 831 4880 894 4950; x_wconf 87' lang='lat' dir='ltr'>illu,</span> <span class='ocrx_word' id='word_1_463' title='bbox 922 4881 995 4938; x_wconf 90' lang='lat' dir='ltr'>haec</span> <span class='ocrx_word' id='word_1_464' title='bbox 1017 4890 1070 4937; x_wconf 92' lang='lat' dir='ltr'>aut</span> <span class='ocrx_word' id='word_1_465' title='bbox 1092 4880 1128 4937; x_wconf 95' lang='lat' dir='ltr'>de</span> <span class='ocrx_word' id='word_1_466' title='bbox 1151 4877 1303 4955; x_wconf 88' lang='lat' dir='ltr'>Capitolio</span> <span class='ocrx_word' id='word_1_467' title='bbox 1325 4888 1377 4936; x_wconf 92' lang='lat' dir='ltr'>aut</span> <span class='ocrx_word' id='word_1_468' title='bbox 1399 4879 1436 4936; x_wconf 91' lang='lat' dir='ltr'>de</span> 
     </span>
     <span class='ocr_line' id='line_1_44' title="bbox 108 4981 1435 5058; baseline -0.002 -20"><span class='ocrx_word' id='word_1_469' title='bbox 108 4981 219 5056; x_wconf 85' lang='lat' dir='ltr'>Regia:</span> <span class='ocrx_word' id='word_1_470' title='bbox 248 5001 315 5039; x_wconf 91' lang='lat' dir='ltr'>nam</span> <span class='ocrx_word' id='word_1_471' title='bbox 346 4982 395 5039; x_wconf 90' lang='lat' dir='ltr'>ubi</span> <span class='ocrx_word' id='word_1_472' title='bbox 424 4982 588 5040; x_wconf 89' lang='lat' dir='ltr'>constiterit</span> <span class='ocrx_word' id='word_1_473' title='bbox 616 4982 774 5058; x_wconf 84' lang='lat' dir='ltr'>collegium</span> <span class='ocrx_word' id='word_1_474' title='bbox 805 4999 951 5057; x_wconf 86' lang='lat' dir='ltr'>augurum</span> <span class='ocrx_word' id='word_1_475' title='bbox 979 4982 1099 5056; x_wconf 82' lang='lat' dir='ltr'>ignor03</span> <span class='ocrx_word' id='word_1_476' title='bbox 1128 4982 1160 5038; x_wconf 91' lang='lat' dir='ltr'>in</span> <span class='ocrx_word' id='word_1_477' title='bbox 1187 4999 1255 5039; x_wconf 88' lang='lat' dir='ltr'>arce</span> <span class='ocrx_word' id='word_1_478' title='bbox 1286 4981 1435 5038; x_wconf 87' lang='lat' dir='ltr'>mansisse</span> 
     </span>
     <span class='ocr_line' id='line_1_45' title="bbox 107 5084 315 5141; baseline -0.005 -3"><span class='ocrx_word' id='word_1_479' title='bbox 107 5100 168 5141; x_wconf 92' lang='lat' dir='ltr'>non</span> <span class='ocrx_word' id='word_1_480' title='bbox 190 5084 315 5141; x_wconf 88' lang='lat' dir='ltr'>videtur.</span> 
     </span>
    </p>
   </div>
   <div class='ocr_carea' id='block_1_3' title="bbox 643 5229 656 5268">
    <p class='ocr_par' dir='ltr' id='par_1_4' title="bbox 643 5229 656 5268">
     <span class='ocr_line' id='line_1_46' title="bbox 643 5229 656 5268; baseline 0 0"><span class='ocrx_word' id='word_1_481' title='bbox 643 5229 656 5268; x_wconf 69' lang='grc'><strong>8</strong></span> 
     </span>
    </p>
   </div>
   <div class='ocr_carea' id='block_1_4' title="bbox 0 0 1763 5812">
    <p class='ocr_par' dir='ltr' id='par_1_5' title="bbox 0 0 1763 5812">
     <span class='ocr_line' id='line_1_47' title="bbox 0 0 1763 5812; baseline 0 0"><span class='ocrx_word' id='word_1_482' title='bbox 0 0 1763 5812; x_wconf 95' lang='lat' dir='ltr'> </span> 
     </span>
    </p>
   </div>
  </div>
 </body>
</html>
