3510 5812
214 3474 246 3509 nc
260 3461 306 3509 liat

347 473 416 540 lto
775 485 1079 534 ltrrrrrunnrm'r·mr
1109 486 1190 534 von.
1213 485 1240 532 11

340 665 398 721 dex
421 665 456 733 is,
479 663 529 737 qui
551 662 712 719 iudicatum
736 661 869 718 adseruit
892 661 920 717 in
943 659 1121 729 libertatem,
1148 659 1174 717 si
1201 669 1417 717 sacramentum
1440 661 1505 717 eius
1527 660 1672 718 iniustum

341 767 502 825 iudicatum
525 775 582 832 est;
607 763 802 838 videnturque
819 763 910 820 verba
932 762 1007 839 legis
1023 761 1178 838 Hispanae
1200 765 1251 836 qui
1271 765 1300 818 in
1324 781 1354 819 eo
1376 765 1433 819 cim
1448 764 1526 836 sacit
1547 782 1671 838 respon-

339 869 408 925 dere
430 866 651 942 quodammodo
676 865 784 935 verbis,
806 883 882 940 quac
905 863 1014 922 tradita
1036 864 1180 922 habemus
1203 882 1241 920 cx
1264 864 1331 941 Iege
1346 865 1407 923 XII
1429 866 1598 924 tabularum
1621 871 1672 942 qui

338 972 409 1028 endo
432 990 463 1028 eo
485 974 541 1026 cim
563 971 641 1038 dicit,
676 976 706 1025 ut
740 968 787 1024 hic
821 967 861 1024 sit
892 966 1000 1024 vindex
1033 966 1270 1043 qualiscumque,
1302 967 1353 1026 ille
1386 966 1496 1025 vindex
1529 969 1670 1028 iniustus.

339 1071 418 1130 Nam
445 1092 481 1129 ne
509 1073 613 1130 credas
636 1071 687 1146 qui
709 1071 767 1127 vim
791 1069 898 1126 facite
921 1069 1069 1126 contrario
1091 1087 1158 1126 eunr
1181 1087 1249 1128 esse
1274 1070 1325 1145 qui
1348 1081 1452 1128 contra
1477 1072 1526 1130 ius
1548 1091 1669 1130 manunt

337 1177 470 1234 iniecerit
498 1193 646 1250 quemquo
672 1174 714 1231 ita
744 1173 852 1230 vindex
880 1184 959 1229 recte
984 1171 1142 1248 repulerit,
1172 1173 1273 1230 obstat
1299 1173 1425 1247 primunr
1452 1175 1530 1247 quod
1558 1175 1669 1233 vindici

338 1280 401 1337 eive
423 1298 511 1354 quem
527 1277 688 1335 vindicavit
710 1276 879 1333 adsertione
901 1276 981 1331 iusta
1003 1274 1133 1331 iudicata
1155 1273 1237 1350 dupli
1254 1275 1400 1332 actionem
1417 1277 1447 1333 in
1463 1276 1669 1336 adversarium

338 1381 437 1438 datam
459 1398 525 1439 esse
549 1399 602 1436 uec
626 1378 767 1435 traditum
788 1389 832 1434 est
851 1396 905 1435 nec
921 1377 982 1434 veri
1005 1376 1111 1445 simile,
1133 1388 1252 1434 constat
1273 1388 1371 1435 autern
1392 1377 1429 1435 de
1448 1378 1532 1454 dupli
1551 1381 1669 1438 actione

337 1484 367 1540 in
390 1483 536 1541 vindicem
563 1481 685 1551 falsum,
713 1480 789 1538 unde
817 1490 921 1554 postea
947 1487 1035 1537 enata
1060 1489 1107 1536 est
1129 1478 1206 1536 actio
1233 1481 1263 1536 in
1286 1480 1409 1554 duplum
1431 1480 1561 1539 iudicati.
1607 1482 1669 1542 Ob·

338 1594 399 1643 stat
426 1585 532 1643 deinde
560 1585 641 1660 quod
668 1594 788 1659 propter
815 1599 919 1638 manus
947 1580 1136 1639 iniectionem
1164 1581 1273 1639 iustam
1300 1582 1409 1640 iniuste
1440 1582 1556 1642 elusam
1588 1598 1668 1644 recte

338 1688 453 1746 colonia
479 1688 556 1746 actio
586 1688 683 1757 datur,
710 1704 776 1742 cum
803 1704 858 1761 per
885 1703 950 1741 eam
976 1703 1058 1741 reum
1081 1683 1308 1742 condemnatum
1330 1684 1388 1742 sibi
1411 1686 1608 1760 perdiderint3
1638 1697 1670 1745 at

338 1809 443 1849 manns
472 1790 590 1848 iniectio
619 1809 677 1847 nnn
705 1790 785 1846 iusta
811 1795 926 1845 tantum
952 1786 1037 1843 abest
1071 1800 1102 1844 ut
1128 1786 1241 1844 colonis
1270 1786 1411 1845 damnum
1440 1788 1563 1858 inferat,
1591 1800 1624 1846 ut
1652 1811 1669 1848 e

337 1894 487 1950 contrario
520 1913 555 1949 cn
589 1911 661 1950 casu
693 1891 750 1967 ipsi
783 1889 1003 1964 quodammodo
1033 1888 1189 1946 videantur
1217 1890 1243 1946 ei
1272 1889 1317 1947 eni
1348 1907 1455 1946 manus
1484 1891 1595 1949 iniecta
1621 1900 1669 1950 est

337 1996 477 2053 damnum
499 1996 616 2054 secisse.
659 1995 763 2068 Itaque
785 2004 863 2049 recte
887 1991 943 2049 hnc
964 1991 1125 2050 referemus
1147 1991 1247 2050 locum
1269 1992 1437 2050 tabularum
1460 1993 1584 2052 aFesto
1606 2013 1669 2054 ser·

338 2109 438 2155 vatum
461 2118 489 2174 p.
507 2097 567 2155 376
595 2096 719 2170 (XII‚4
742 2093 889 2169 schotto:
912 2098 937 2151 ai
960 2095 1113 2152 vindiciam
1127 2094 1241 2169 salsam
1263 2095 1336 2165 tulit,
1358 2098 1385 2152 si
1406 2095 1482 2168 relit,
1505 2100 1529 2154 is
1552 2096 1667 2173 [prae]-

337 2212 380 2258 tor
405 2201 529 2258 arbitros
556 2203 609 2256 tris
638 2199 721 2256 dato:
751 2216 846 2255 eorum
871 2196 991 2254 arbitrio
1015 2195 1070 2271 [rei
1091 2195 1260 2271 adfractus
1282 2199 1417 2273 duplione
1438 2200 1572 2256 damnum
1592 2199 1667 2258 deci-

337 2303 410 2371 dito,
443 2302 501 2360 nisi
536 2301 616 2377 quod
647 2300 694 2358 his
729 2301 829 2358 verbis
856 2306 1010 2376 praeterea
1035 2298 1132 2356 forma
1158 2298 1260 2357 iudicii
1286 2300 1506 2359 determinatur.
1557 2301 1604 2358 Ab
1631 2320 1668 2360 ea

337 2404 433 2461 forma
457 2403 507 2462 lex
530 2403 685 2475 recentior,
713 2410 745 2460 ut
773 2403 861 2460 modo
884 2402 1025 2472 diximus,
1052 2400 1236 2472 intrecedit,
1270 2409 1301 2459 ut
1327 2411 1445 2477 praeter
1470 2402 1592 2479 duplam
1614 2424 1667 2462 an-

336 2506 481 2581 tiquam¹)
515 2507 625 2566 iniusto
654 2505 799 2564 adsertori
833 2507 862 2562 in
895 2521 988 2562 causa
1019 2503 1155 2563 coloniae
1179 2523 1307 2580 poenam
1334 2504 1471 2581 iniungat
1497 2506 1666 2566 sestertium

336 2608 450 2666 milium
473 2608 545 2666 XX.

899 2774 1102 2783 .—--———-

419 2976 494 3052 Agri
517 2976 624 3053 privati
648 2976 849 3034 condicionem
873 2976 923 3033 lex
947 2975 1095 3052 capitibus
1114 2975 1245 3052 quinque
1268 2974 1436 3034 aLXXIII
1457 2977 1494 3035 ad
1509 2974 1667 3037 LXXVII

336 3089 366 3137 ct
387 3079 536 3136 continuis
563 3079 640 3137 inter
667 3097 699 3136 sc
727 3086 756 3136 et
783 3099 814 3135 re
841 3079 1006 3136 coniunctis
1033 3077 1076 3135 ita
1102 3077 1287 3149 determinat,
1315 3087 1348 3134 ut
1368 3079 1438 3154 quid
1461 3080 1491 3136 in
1514 3097 1586 3156 agro
1609 3097 1665 3139 suo

336 3181 456 3238 domino
479 3181 574 3238 facere
597 3199 655 3237 non
677 3181 767 3239 licent
789 3190 926 3238 accurate
949 3188 978 3236 et
1000 3180 1088 3254 plene
1110 3190 1223 3237 carcat.

184 3294 334 3358 Sepulcrum
421 3283 446 3342 I.
491 3282 578 3356 Quod
608 3293 655 3341 est
682 3285 711 3341 in
740 3283 804 3360 lege
826 3283 890 3340 XII
914 3282 1080 3340 tabularum
1107 3282 1243 3339 loannem
1264 3292 1402 3340 mortuum
1424 3287 1454 3341 in
1475 3284 1544 3343 urbe
1565 3304 1600 3344 ne
1621 3305 1665 3344 ac·

188 3376 213 3424 ³¹¹
230 3377 327 3440 oppido
336 3386 424 3462 pelito
446 3405 513 3443 neue
534 3389 618 3456 urite,
647 3395 677 3443 ut
699 3386 768 3443 alibi
797 3387 910 3462 passim
938 3385 1023 3455 redit,
1050 3385 1092 3442 ita
1118 3385 1206 3442 huius
1232 3402 1351 3460 quoque
1378 3385 1453 3461 legis
1476 3404 1501 3443 c.
1524 3384 1666 3447 LXXIII

338 3489 514 3546 continetur.
559 3485 686 3546 Cautum
710 3488 738 3544 id
755 3505 821 3546 esse
844 3507 902 3546 non
925 3496 984 3545 tam
1007 3496 1130 3563 propter
1151 3487 1228 3562 Ignis
1250 3486 1425 3563 periculum,
1449 3499 1480 3545 ut
1502 3488 1544 3547 ait
1559 3487 1664 3549 Cicero

335 3590 372 3648 de
393 3590 451 3667 leg.
475 3588 503 3661 2,
520 3587 569 3659 23,
586 3590 636 3660 58,
658 3609 761 3666 quam,
792 3600 823 3647 ut
846 3591 956 3648 habent
978 3591 1053 3647 iuris
1075 3599 1227 3659 auctores,
1256 3608 1291 3647 ne
1309 3592 1492 3665 funestentur
1515 3609 1602 3650 encra
1624 3597 1664 3651 ci·

334 3695 431 3750 ritulis
455 3690 585 3763 (Paulus
608 3710 632 3750 s.
656 3712 678 3748 r.
705 3695 731 3763 1,
749 3691 797 3765 21,
814 3691 858 3768 2),
885 3712 919 3750 ne
940 3702 1070 3750 sanctum
1090 3694 1307 3767 municipiorum
1328 3696 1373 3749 ius
1391 3693 1544 3768 polluatur
1571 3692 1663 3770 (cod.

335 3795 408 3852 Iust.
434 3795 528 3865 3‚44,
548 3792 610 3868 12),
632 3813 667 3850 eo
690 3795 910 3871 comprobatur,
939 3793 1017 3871 quod
1046 3793 1076 3850 id
1102 3795 1149 3851 ius
1172 3793 1287 3850 obtinet
1311 3793 1400 3851 etiam
1422 3794 1477 3852 hac
1498 3795 1565 3873 lege
1587 3806 1664 3856 teste

335 3915 393 3954 non
422 3897 501 3955 intra
531 3896 713 3954 continentia
742 3896 887 3968 aedificia,
920 3896 974 3954 sed
997 3897 1075 3953 intra
1099 3895 1264 3972 pomerium
1291 3894 1488 3953 solummodo.
1515 3929 1552 3939 —
1587 3896 1663 3958 Cum

335 4000 487 4057 sanctione
514 3999 600 4074 Iegis,
627 3997 739 4056 scilicet
770 4006 801 4056 nt
830 3998 1024 4075 magistratus
1052 3997 1186 4056 coloniae
1211 3996 1331 4073 publice
1358 3996 1558 4056 demoliantur
1583 4001 1664 4076 quod

335 4109 440 4159 contra
455 4100 533 4158 hanc
555 4101 650 4176 legem
673 4100 781 4157 factum
797 4100 863 4170 crit,
887 4101 954 4157 item
972 4099 1021 4176 qui
1038 4109 1142 4157 contra
1163 4099 1266 4158 feccrit
1280 4118 1406 4175 poenam
1423 4093 1482 4157 HS
1505 4100 1533 4158 V
1548 4101 1663 4160 milium

335 4203 492 4273 sustineat,
516 4203 652 4277 componi
679 4210 777 4278 potest
804 4201 884 4278 qnod
911 4201 1064 4278 rescripsit
1085 4201 1258 4259 Hadrianus
1286 4200 1371 4279 (urg.
1394 4201 1445 4274 47,
1463 4200 1512 4273 12,
1528 4202 1556 4274 3,
1573 4202 1617 4278 5),
1638 4205 1665 4262 ai

335 4304 402 4381 (puis
427 4304 457 4361 in
480 4304 598 4362 civitate
621 4304 794 4381 sepulcrum
816 4304 929 4375 fecerit,
952 4304 1050 4361 locum
1073 4303 1285 4380 publicandum
1309 4320 1375 4361 csse
1396 4322 1582 4381 poenamque
1603 4305 1663 4364 XL

334 4424 492 4463 aureorum
515 4408 588 4465 fisco
611 4406 805 4464 inferendam.
850 4403 1027 4483 Sepulcrum
1043 4416 1165 4481 propter
1186 4405 1280 4483 legem
1298 4405 1440 4464 violatum
1457 4405 1664 4466 nihilominus

335 4507 515 4582 expiandum
547 4508 639 4567 luisse
665 4517 897 4567 consentaneum
925 4518 984 4579 est3
1013 4527 1108 4584 neque
1130 4507 1219 4566 allam
1243 4508 1281 4565 ob
1303 4525 1423 4566 causam
1447 4507 1560 4567 Paulus
1580 4520 1665 4585 post·

334 4628 423 4686 quarn
447 4609 482 4667 de
505 4611 561 4667 hac
582 4610 648 4687 lege
671 4611 812 4686 exposuit
834 4611 877 4669 sic
900 4611 997 4686 pergit
1020 4611 1058 4686 (s.
1081 4632 1106 4670 r.
1131 4612 1158 4682 l,
1174 4609 1224 4679 21,
1240 4610 1287 4685 4):
1314 4613 1364 4684 qui
1387 4629 1490 4686 corpus
1508 4621 1664 4687 perpetuae

334 4712 498 4786 sepulturae
521 4714 655 4771 traditum
672 4714 907 4770 ...mulctarit
929 4723 954 4769 et
975 4714 1044 4770 solis
1067 4714 1159 4770 rad-iis
1175 4713 1328 4770 ostenderit
1344 4711 1493 4787 piaculum
1509 4716 1661 4772 committit.

413 4899 435 4961 ¹)
457 4899 532 4960 Quod
559 4902 657 4951 amicus
681 4902 785 4966 qnidam
810 4901 875 4951 mihi
901 4901 1055 4966 significarit
1074 4902 1129 4950 ficri
1149 4917 1224 4966 posse
1243 4907 1271 4950 ut
1290 4909 1366 4966 caput
1390 4899 1439 4951 hoc
1457 4900 1609 4966 pertinuerit
1627 4901 1662 4950 ad

334 4992 475 5043 iudicatum
498 4992 603 5057 aliquod
628 5008 727 5056 poenae
753 5009 830 5044 causa
853 4994 948 5044 laetum
973 4994 1116 5043 sestertium
1141 4995 1195 5043 XX
1215 4993 1315 5043 milium
1340 4993 1426 5058 itaque
1450 4993 1483 5042 de
1503 5006 1553 5043 una
1576 5007 1663 5057 poena

335 5084 497 5134 solummodo
517 5085 568 5148 agi,
589 5084 652 5134 mihi
673 5100 723 5135 nou
743 5087 879 5150 probatur:
904 5086 1032 5151 duplicem
1058 5086 1126 5135 euim
1152 5086 1393 5136 condemnationem
1417 5086 1525 5151 requirit
1545 5084 1662 5151 quadiu

334 5176 388 5240 lege
409 5177 447 5227 bis
465 5177 588 5242 repetitur
605 5174 710 5226 drrmnas
729 5184 789 5229 esto.
