3510 5812
395 486 872 540 smaoaalvsoater1onvm
902 486 986 540 soar
1016 487 1171 540 nomem.
1370 471 1441 541 261

115 663 241 721 noteoole
263 662 313 720 che
333 663 385 736 piel
405 662 480 719 altre
501 661 576 720 volte
596 664 626 718 iu
652 671 753 737 questo
774 664 945 737 proasimitd
975 666 1002 719 si
1029 665 1196 721 rinoeuuero
1224 666 1369 721 iscrizioni
1395 667 1446 721 im-

112 765 222 841 periali
243 762 320 838 degli
343 762 468 837 Augusti
490 765 521 820 di
542 767 608 839 quei
629 768 712 839 tempi
734 783 748 822 e
768 767 815 821 aei
836 768 922 822 anovi
943 768 1024 824 scoot
1044 767 1105 824 ucri
1128 766 1190 823 allo
1214 766 1274 824 luce
1295 783 1354 823 aaa
1377 776 1446 825 testo

118 869 149 925 di
175 865 314 926 Costoaeo
330 864 413 940 fiplio
437 866 468 922 di
490 864 672 923 Constantino
699 870 814 924 insieme
835 885 887 923 eoa
913 864 960 924 on’
981 871 1129 925 iscrizioae
1155 869 1334 951 dedicatoria
1356 869 1387 924 di
1408 887 1447 925 aa

116 968 236 1044 qualche
262 976 436 1025 monumento
461 985 480 1023 o
497 966 698 1026 Valentiniano
725 967 779 1024 Pio
803 987 857 1043 per
880 977 966 1043 parte
992 970 1024 1025 di
1049 969 1082 1027 F
1082 968 1157 1028 lucio
1184 968 1339 1028 Gruziono.
1384 968 1446 1027 dixi

117 1069 155 1126 ad
178 1067 254 1145 Syll.
277 1087 306 1126 n.
323 1068 362 1126 55
391 1068 468 1126 hunc
495 1084 560 1126 esse
588 1068 704 1126 titulum
733 1087 792 1126 non
814 1069 1027 1128 Valentiniano
1054 1071 1106 1128 sed
1131 1071 1318 1130 Maximiano
1344 1071 1402 1129 Pio
1429 1089 1448 1129 a

116 1170 267 1229 Turranio
301 1167 449 1228 Gratiano
483 1188 510 1226 a.
540 1168 600 1228 290
634 1169 800 1229 dedicatum
835 1190 889 1229 nec
920 1179 1069 1249 repertum
1104 1173 1190 1231 iuxta
1221 1174 1311 1231 bases
1344 1192 1446 1231 verum

115 1292 142 1329 a.
168 1270 247 1331 1872
270 1278 385 1346 partem
415 1271 481 1327 eius
509 1281 578 1330 ante
606 1272 709 1330 aedem
732 1270 879 1346 Castoris,
913 1274 1036 1332 alteram
1066 1275 1096 1332 in
1127 1275 1251 1334 basilica
1271 1275 1351 1334 Iulia
1380 1285 1447 1335 ante

114 1392 141 1430 a.
167 1373 257 1444 1870,
291 1380 324 1430 ut
352 1373 478 1444 videtur,
507 1373 583 1431 unde
613 1382 737 1450 apparet
768 1393 892 1449 prorsus
928 1375 1072 1434 incertum
1100 1394 1168 1435 esse
1201 1393 1260 1452 quo
1290 1377 1446 1455 pertineat.

115 1486 206 1550 caput
234 1474 311 1533 illud
332 1475 412 1550 quod
435 1472 607 1533 Constantii
630 1494 695 1535 esse
718 1477 815 1534 visum
837 1486 885 1535 est
906 1496 965 1554 quo
988 1479 1157 1556 pervenerit
1179 1479 1297 1537 nescio:
1320 1480 1449 1538 fortasse

114 1577 171 1634 fuit
201 1576 280 1634 inter
313 1584 480 1635 statuarum
506 1578 710 1654 Augustarum
741 1578 902 1637 multarum
936 1581 1080 1657 reliquias
1111 1581 1143 1639 in
1175 1581 1291 1639 horreis
1317 1581 1449 1639 Palatini

116 1677 225 1736 montis
254 1696 349 1756 nuper
377 1678 537 1754 congestis,
567 1678 633 1736 dein
664 1680 689 1737 si
718 1680 815 1738 famae
845 1681 1025 1740 credendum
1055 1684 1095 1740 sit
1120 1683 1236 1741 Romae
1269 1695 1448 1761 pervagatae

116 1780 262 1838 aliorsum
285 1780 403 1838 ablatis.
452 1798 528 1857 quas
551 1787 650 1839 autem
673 1781 883 1858 inscriptiones
904 1780 1136 1860 ‘Augustorum'
1159 1784 1229 1842 olim
1252 1785 1338 1841 iuxta
1358 1785 1447 1843 bases

115 1891 249 1957 repertas
273 1882 383 1940 dixerit
403 1882 522 1959 ignoro:
546 1891 678 1940 nostram
703 1883 838 1959 syllogen
858 1886 910 1960 qui
931 1886 1159 1962 perlustraverit
1180 1886 1312 1944 inveniet
1333 1886 1449 1962 aliquot

115 1983 293 2042 honorarios
316 1984 529 2060 imperatorum
553 1985 656 2042 titulos
680 1984 760 2042 Feae
786 1995 920 2062 tempore
949 2006 1042 2063 prope
1064 1988 1152 2046 bases
1179 1988 1266 2045 binas
1294 1987 1448 2045 columnae

116 2084 219 2143 Focae
240 2085 354 2144 vicinas
384 2095 520 2160 repertos
543 2103 610 2144 esse
637 2105 732 2162 neque
759 2087 917 2164 quicquam
945 2089 1046 2147 obstat
1072 2107 1130 2164 quo
1158 2089 1257 2148 minus
1280 2088 1366 2160 allos,
1396 2090 1447 2165 qui

114 2188 146 2244 in
168 2187 293 2245 basilica
315 2188 455 2264 proxima
477 2197 528 2246 aut
550 2189 580 2244 in
603 2188 829 2265 septentrionali
853 2190 946 2248 latere
967 2191 1024 2248 fori
1046 2190 1195 2263 iacebant,
1223 2211 1241 2248 a
1261 2191 1385 2250 basibus
1412 2209 1448 2249 eo

116 2288 232 2346 delatos
256 2289 448 2347 arbitremur:
477 2297 507 2347 at
529 2290 612 2347 nullo
634 2290 708 2348 mihi
731 2299 813 2349 certe
833 2302 1008 2367 argumento
1030 2300 1149 2351 constat
1170 2313 1260 2352 unum
1284 2293 1448 2351 alterumve

115 2409 217 2447 eorum
238 2391 374 2449 avulsum
398 2408 466 2449 esse
488 2410 507 2447 a
528 2392 651 2449 basibus
674 2393 827 2450 latericiis.
845 2425 883 2435 -
900 2393 988 2469 longe
1003 2395 1111 2453 melius
1135 2395 1171 2453 de
1194 2395 1339 2454 solvenda
1359 2414 1449 2471 quae·

118 2492 216 2549 stione
231 2491 284 2549 illa
299 2510 376 2567 quae
392 2492 463 2549 facit
477 2493 514 2549 ad
530 2492 770 2568 cognoscendum
790 2503 927 2552 ornatum
950 2496 1007 2552 fori
1030 2497 1117 2554 tertio
1138 2496 1257 2555 saeculo
1279 2497 1448 2556 restitutum

115 2593 268 2651 architecti
295 2594 392 2652 meriti
420 2604 529 2665 essent,
558 2595 583 2652 si
614 2604 658 2652 tot
685 2595 888 2654 columnarum
914 2597 1081 2673 fragmenta
1101 2599 1179 2656 inter
1200 2598 1309 2656 rudera
1330 2610 1449 2676 reperta

115 2704 255 2754 accurate
277 2695 404 2754 dimensi
427 2695 650 2772 quaesivissent
672 2716 819 2772 quaenam
846 2709 927 2756 certa
953 2699 1070 2758 ratione
1093 2699 1216 2758 basibus
1238 2701 1300 2759 illis
1323 2709 1375 2759 aut
1397 2702 1449 2759 ab·

114 2797 291 2856 iudicandae
313 2808 365 2857 aut
386 2798 592 2856 attribuendae
607 2798 779 2857 viderentur
801 2818 881 2859 esse:
904 2819 964 2876 qua
985 2810 1083 2859 tamen
1107 2821 1125 2859 a
1147 2820 1219 2860 cura
1239 2810 1269 2860 et
1283 2802 1367 2861 Rosa
1381 2821 1448 2860 cum

114 2898 178 2957 suis
201 2906 230 2958 et
251 2899 299 2957 cui
321 2901 418 2975 copiis
446 2900 509 2958 eius
536 2901 579 2958 uti
601 2919 776 2958 concessum
804 2902 861 2960 fuit
882 2902 1039 2961 Dutertius
1060 2904 1164 2980 procul
1192 2903 1323 2962 abluere.
1367 2913 1445 2963 certe

114 3001 189 3058 nihil
212 3002 248 3059 de
269 3002 317 3059 his
345 3001 434 3060 rebus
457 3003 488 3060 in
517 3003 675 3060 Relatione
697 3022 829 3075 romana,
851 3004 925 3063 nibil
949 3005 978 3061 in
1000 3005 1080 3064 Foro
1103 3007 1257 3064 architecti
1279 3006 1378 3082 gallici
1400 3007 1445 3066 in-

114 3104 232 3161 venias:
260 3104 291 3162 in
314 3104 399 3162 Actis
426 3123 515 3162 manu
544 3105 663 3180 scriptis
687 3113 804 3181 praeter
826 3107 908 3164 illam
931 3107 968 3165 de
989 3108 1128 3166 columna
1150 3108 1331 3183 opinionem,
1355 3126 1444 3184 quam

114 3214 188 3282 puto
211 3223 257 3263 me
279 3222 372 3281 supra
393 3204 600 3278 labefactasse,
622 3207 727 3264 iterum
756 3208 792 3264 de
822 3209 970 3268 columnis
999 3228 1094 3285 neque
1120 3210 1306 3287 probabilius
1334 3210 1443 3269 dictum

115 3307 144 3364 d.
169 3307 208 3365 30
230 3305 317 3364 Mart.
341 3324 367 3363 a.
387 3305 483 3365 1874:
507 3311 534 3365 si
555 3309 569 3364 ὲ
591 3319 720 3383 cooperto
742 3312 933 3384 ansprando
954 3313 1021 3368 boae
1042 3313 1130 3370 attico
1152 3315 1183 3368 in
1204 3330 1312 3369 mortno
1334 3332 1445 3388 oppor-

115 3419 220 3466 teneate
247 3407 305 3466 olle
330 3417 394 3466 note
415 3408 530 3466 colonae
552 3413 684 3467 oaororie
706 3410 791 3485 luapo
813 3412 843 3468 lo
864 3415 914 3469 oia
939 3431 1024 3470 socru
1046 3413 1107 3470 alto
1131 3414 1160 3484 0,
1175 3414 1213 3471 45
1232 3432 1286 3488 per
1313 3414 1393 3485 0‚95
1413 3415 1446 3471 di

115 3511 260 3568 diametro.
305 3510 335 3567 lo
349 3510 434 3586 quale
449 3513 462 3568 ὲ
478 3511 630 3588 capooolto
653 3511 700 3569 sul
717 3515 808 3588 picam
831 3514 878 3572 del
890 3517 968 3590 soro.
1013 3525 1044 3573 at
1066 3532 1158 3590 supra
1179 3515 1308 3573 vidimus
1330 3516 1444 3575 colum-

115 3629 169 3670 nas
191 3612 277 3670 binas
299 3630 376 3688 quae
397 3616 483 3671 iuxta
509 3614 598 3672 bases
623 3613 693 3671 item
717 3614 803 3672 binas
830 3623 967 3693 repertae
989 3617 1050 3675 sint
1075 3627 1208 3692 tempore
1231 3616 1256 3676 F
1259 3637 1312 3676 eae
1334 3619 1444 3677 diame-

113 3723 191 3771 trum
218 3714 329 3772 habere
356 3733 394 3772 m.
415 3712 523 3785 l‚282.
557 3715 658 3792 itaque
686 3718 737 3792 qui
765 3725 835 3792 post
859 3716 1031 3776 Dutertium
1059 3736 1153 3794 eoque
1181 3719 1350 3778 accuratius
1376 3722 1445 3780 reli·

115 3816 203 3892 quiae
229 3815 287 3873 fori
315 3816 352 3873 ad
381 3817 454 3874 artis
483 3817 581 3894 legem
610 3817 813 3894 redintegrare
842 3819 1065 3896 suscipient-
1088 3838 1142 3876 nec
1171 3819 1343 3878 dubitamus
1372 3823 1443 3897 quin

115 3919 232 3976 romani
253 3916 407 3976 architecti
430 3920 487 3976 hoc
508 3937 631 3976 munere
653 3920 767 3979 naviter
788 3928 821 3976 ut
843 3919 942 3977 solent
963 3920 1101 3998 perfungi
1123 3924 1310 3998 properaturi
1333 3923 1442 3980 sint-

115 4031 238 4095 rogatos
261 4020 410 4091 volumus,
434 4026 467 4076 ut
489 4038 565 4095 opus
587 4040 605 4079 a
627 4022 880 4099 topographorum
903 4021 1124 4099 philologorum
1150 4022 1256 4081 studiis
1279 4041 1351 4081 sane
1373 4025 1445 4082 alie-

116 4141 197 4195 num,
227 4123 302 4199 ipsis
331 4120 477 4180 familiare
504 4122 665 4199 profligare
692 4122 821 4199 amplius
850 4142 886 4181 ne
914 4123 1086 4183 detrectent.
1104 4156 1144 4168 -
1166 4124 1218 4183 sed
1246 4126 1350 4184 ultimo
1377 4127 1444 4185 loco

116 4223 322 4282 revertendum
345 4223 381 4281 ad
399 4223 505 4282 Feam:
528 4225 556 4282 is
578 4225 656 4283 enim
680 4234 839 4300 postquam
862 4225 898 4283 de
920 4227 1067 4285 columnis
1086 4227 1216 4286 absolvit
1237 4229 1310 4287 haec
1332 4229 1446 4288 addidit

116 4346 145 4403 p.
163 4327 218 4383 71:
242 4343 343 4401 presso
365 4346 384 4383 o
411 4335 506 4402 queste
534 4330 561 4384 si
588 4345 656 4385 sono
683 4337 790 4386 trooote
815 4329 869 4384 duc
894 4332 998 4386 nmrmi
1017 4331 1125 4405 quadri
1146 4330 1194 4387 cle
1214 4351 1233 4388 o
1250 4334 1349 4406 prima
1370 4336 1445 4389 visto

37 4429 42 4437 ’
116 4427 264 4485 semicano
293 4430 347 4486 due
372 4429 530 4487 orchitrooi
556 4448 608 4486 coo
635 4433 745 4488 cornico
767 4449 781 4488 e
802 4431 856 4488 dae
869 4432 954 4505 socca
977 4434 1128 4502 cinocan03
1152 4451 1199 4489 ma
1220 4450 1288 4491 cono
1310 4434 1364 4489 deco
1383 4435 1445 4508 pie·

117 4528 229 4588 distulit?
244 4530 276 4585 di
289 4531 343 4586 due
357 4540 448 4588 statae
464 4533 495 4588 di
508 4531 620 4605 bromo,
638 4532 871 4608 probabiirueutc‚
895 4533 943 4591 cle
965 4543 1084 4591 staoeao
1100 4533 1174 4590 ealle
1187 4535 1242 4592 doe
1257 4533 1372 4592 colonae
1388 4576 1395 4591 .
1412 4577 1419 4592 .
1436 4580 1443 4593 .

116 4631 210 4688 bonno
232 4648 321 4706 sopra
344 4633 398 4688 doe
418 4634 526 4706 prandi
553 4635 637 4693 ducii
664 4634 833 4710 scurpelloti
855 4653 911 4710 per
939 4634 1052 4692 lcoorne
1075 4635 1097 4690 il
1117 4635 1230 4693 metallo
1252 4655 1268 4693 o
1283 4638 1367 4711 ferro
1389 4656 1403 4695 e
1423 4637 1446 4694 il

113 4733 227 4808 piombo
254 4732 302 4790 cle
321 4734 455 4807 sermono
483 4734 512 4791 lo
538 4744 643 4792 statuo.
688 4735 776 4793 omisi
809 4755 885 4811 quae
918 4737 954 4793 dc
987 4736 1110 4794 basibus
1139 4735 1302 4794 Domitiani
1329 4745 1445 4796 statuae

116 4833 301 4892 vindicandis
330 4835 465 4894 inseruit.
508 4837 585 4895 inter
606 4837 716 4894 rudera
737 4837 823 4896 iuxta
848 4837 1015 4895 columnam
1039 4837 1139 4896 Focae
1160 4857 1240 4896 nunc
1261 4841 1446 4898 accumalata

116 4936 170 4993 illa
192 4955 342 4994 marmora
364 4956 422 4994 non
445 4939 573 5014 repperi.

202 5038 316 5097 Arcus
348 5039 590 5114 triumphales
623 5041 654 5098 in
683 5040 748 5098 foro
776 5059 900 5099 romano
933 5043 1110 5101 constitutos
1139 5043 1275 5103 novimus
1304 5044 1444 5121 quinque,

116 5138 295 5213 Fabianum,
318 5141 449 5217 Augusti
468 5141 564 5214 binos,
586 5142 711 5200 alterurn
731 5152 861 5202 erectum
879 5143 965 5201 iuxta
984 5145 1087 5203 aedem
1107 5145 1167 5203 divi
1182 5145 1253 5203 Iulii
1268 5146 1306 5204 ob
1322 5155 1444 5222 recepta
