3510 5812
496 520 660 574 sinuosa
687 516 979 572 insearrrronvn
1005 516 1091 569 rom
1117 515 1272 568 ROMANI.
1473 496 1545 567 265

219 695 360 755 collocata
386 705 461 754 aunt.
505 696 619 755 scilicet
646 704 745 754 utrum
777 711 878 752 muros
904 688 1042 751 ‘aedilicii
1069 685 1185 749 incerti’
1218 690 1274 765 (ita
1299 688 1482 764 nuncupavi)
1509 706 1547 744 an

218 797 351 856 aedium.
370 798 568 875 palatinarum
604 797 831 874 significaverit,
867 795 939 853 mihi
972 812 1032 850 nou
1069 802 1202 852 constat:
1241 799 1305 849 utut
1341 800 1387 848 est
1423 797 1549 867 apparet

217 899 365 976 Poggium
403 918 523 976 quoque
562 899 714 958 comitium
754 898 849 956 eidem
889 896 1006 974 regioni
1047 896 1189 954 tribuisse
1228 894 1275 951 cui
1316 893 1419 950 tribuit
1456 892 1546 950 Blou-

218 1001 283 1059 dus.
302 1002 534 1060 -examinatis
556 1001 648 1079 igitur
669 1001 716 1059 his
738 999 918 1058 testimoniis
939 1016 1025 1056 nemo
1048 997 1154 1072 opinor
1169 995 1307 1055 Dutertio
1330 993 1475 1070 plauserit
1496 995 1548 1069 qui

219 1122 319 1161 arcum
334 1103 512 1175 Fabianum,
534 1122 623 1179 quem
638 1103 767 1160 Fabiani
789 1101 870 1174 dicit,
897 1101 928 1158 in
949 1101 1044 1158 latere
1072 1098 1156 1155 aedis
1178 1097 1206 1156 d.
1222 1097 1293 1155 Iulii
1315 1098 1342 1156 ei
1365 1097 1431 1154 viae
1454 1096 1547 1171 impo-

217 1205 311 1263 suerit
332 1223 407 1280 quae
430 1224 448 1262 a
469 1204 634 1263 Faustinae
656 1204 767 1282 templo
790 1203 828 1260 ad
855 1220 956 1261 arcum
979 1199 1083 1260 Severi
1113 1200 1207 1258 tendit
1228 1199 1287 1274 (Le
1309 1199 1423 1257 Forum
1446 1205 1466 1255 t.
1488 1197 1546 1256 Ill.

215 1306 284 1381 IV).
328 1306 400 1382 quid
423 1307 503 1382 quod
526 1327 620 1384 nuper
642 1313 801 1384 postquam
823 1326 860 1364 ea
881 1322 952 1382 pars
974 1302 1127 1372 eruderari
1154 1308 1261 1378 coepta
1282 1312 1328 1360 est
1350 1300 1489 1376 apparuit
1510 1319 1547 1357 ue

217 1408 373 1485 vestigium
395 1408 515 1485 quidem
538 1426 626 1467 arcus
648 1408 839 1485 triumphalis
861 1406 903 1464 ibi
925 1411 1038 1464 extare.
1083 1413 1113 1461 at
1139 1421 1176 1463 ns
1198 1403 1239 1462 ibi
1260 1403 1380 1479 quidem
1402 1401 1547 1476 reliquiae

217 1511 281 1568 eius
304 1529 497 1586 comparuere
517 1512 567 1569 ubi
590 1530 657 1570 eum
679 1509 772 1569 luisse
794 1510 948 1584 hucusque
970 1509 1204 1567 demonstratum
1232 1514 1279 1565 est
1301 1506 1352 1581 (cl.
1376 1505 1414 1563 ad
1437 1524 1465 1563 n.
1481 1504 1546 1579 25).

217 1622 270 1670 aut
290 1612 381 1689 igitur
409 1620 489 1672 totus
517 1630 591 1670 aevo
617 1613 720 1671 infimo
742 1612 911 1671 destructus
938 1611 1062 1685 eiusque
1085 1628 1160 1668 saxa
1181 1608 1326 1684 quaedam
1352 1608 1457 1666 eodem
1480 1607 1546 1664 loco

216 1715 254 1772 ad
270 1715 436 1773 extruenda
456 1715 518 1772 alia
532 1715 670 1774 aedilicia
685 1694 821 1772 adhibita
841 1722 921 1782 sunt,
949 1720 1000 1770 aut
1022 1713 1105 1770 stetit
1119 1711 1210 1788 paulo
1233 1711 1311 1768 ultra
1332 1729 1400 1767 eum
1422 1710 1547 1767 limitem

215 1835 303 1892 quem
319 1816 376 1875 hoc
391 1835 470 1875 anno
488 1817 566 1875 1876
587 1816 786 1875 eruderationi
809 1814 919 1873 lactum
934 1814 1064 1872 iudicavi
1086 1814 1117 1871 in
1139 1813 1249 1871 lorma:
1278 1821 1375 1871 utrum
1391 1812 1429 1870 sit
1445 1831 1545 1869 verum

215 1919 285 1976 licet
307 1918 463 1977 diiudicari
485 1937 544 1976 non
566 1919 675 1996 possit,
698 1919 754 1976 hoc
776 1926 875 1975 tamen
890 1916 1081 1992 praetulerim
1097 1935 1132 1972 eo
1148 1915 1228 1991 quod
1243 1914 1374 1989 templum
1390 1913 1545 1971 Fabiorum

214 2021 244 2078 in
266 2021 343 2079 libro
358 2020 541 2080 Mirabilium
563 2022 648 2080 iuxta
669 2019 811 2096 templum
827 2017 992 2076 Faustinae
1007 2025 1270 2077 commemoratum
1292 2015 1415 2074 fornicis
1434 2035 1545 2073 memo·

215 2123 290 2182 riam
312 2123 401 2181 etiam
424 2131 485 2182 turn
508 2123 681 2198 superstitis
697 2123 847 2181 continere
868 2139 947 2179 nunc
962 2138 1082 2196 quoque
1103 2118 1174 2176 mihi
1190 2119 1307 2177 videtur
1322 2117 1413 2194 (Top.
1432 2115 1460 2189 2,
1474 2117 1544 2175 476.

214 2223 299 2300 482).
317 2224 497 2301 -denique
520 2224 621 2284 nescio
649 2243 686 2282 an
712 2223 836 2282 fornicis
866 2231 1014 2282 structura
1040 2232 1129 2298 atque
1151 2229 1326 2279 ornamenta
1350 2220 1546 2295 redintegrari

213 2327 342 2404 possint.
385 2335 498 2386 certum
521 2336 566 2386 est
587 2327 812 2402 inscriptionem
833 2325 1005 2403 primariam
1026 2325 1083 2396 bis,
1107 2324 1163 2382 hoc
1185 2332 1232 2382 est
1254 2323 1286 2380 in
1308 2331 1432 2397 utraque
1454 2321 1545 2379 forni-

214 2429 257 2486 cis
280 2429 377 2488 lronte
399 2429 541 2507 scriptam
564 2429 669 2502 luisse,
691 2429 763 2487 item
785 2437 896 2487 certum
920 2427 1035 2485 videtur
1056 2426 1145 2484 trium
1168 2425 1330 2483 Fabiorum
1356 2424 1459 2482 titulos
1487 2423 1544 2499 (B)

213 2530 252 2587 ad
279 2538 393 2590 statuas
420 2549 510 2609 super
536 2532 693 2608 impositas
721 2531 965 2608 pertinuisse-
989 2548 1065 2604 quae
1091 2546 1150 2603 quo
1173 2526 1300 2584 artificio
1319 2526 1414 2584 iactae
1436 2525 1546 2583 luerint

213 2633 362 2691 eadere
385 2640 455 2709 post
475 2634 625 2691 inventam
648 2651 742 2708 nuper
764 2632 893 2689 tibicinis
914 2641 1042 2689 statuam
1067 2629 1256 2705 Esquilinam
1283 2628 1453 2685 coniectura
1479 2626 1545 2702 capi

214 2735 526 2811 potcst3-denique
545 2731 656 2793 ‘scuta'
683 2745 713 2793 et
738 2730 836 2810 ‘signa
859 2727 1021 2804 victoriae',
1049 2751 1126 2808 quae
1154 2731 1227 2788 vidit
1249 2729 1416 2800 Fabricius,
1444 2728 1545 2804 qualia

212 2836 323 2895 fuerint
356 2836 464 2895 docent
496 2836 604 2895 similis
637 2837 754 2913 generis
782 2835 953 2912 anaglypha
985 2852 1073 2893 arcus
1107 2833 1278 2910 superstitis
1304 2832 1497 2890 Arausieusis
1527 2849 1545 2886 a

212 2936 343 2997 Caristio
366 2939 512 3014 publicati
534 2947 564 2995 et
585 2939 690 2996 incerti
712 2957 790 2998 nuuc
812 2938 930 3015 perditi,
954 2937 1038 2995 cuius
1060 2936 1219 3012 imaginem
1243 2934 1364 3013 saeculo
1383 2933 1459 3010 XVI
1481 2933 1544 2990 fac-

213 3051 272 3098 tam
295 3041 405 3099 editam
428 3041 520 3099 habes
542 3041 701 3100 Archaeol.
723 3041 853 3117 Zeitung
874 3061 902 3098 a.
930 3037 1018 3110 1872,
1041 3039 1114 3097 ass.
1139 3037 1189 3112 (cf.
1213 3035 1439 3095 Jahresbericht
1464 3034 1543 3092 1875

212 3161 241 3219 p.
259 3142 343 3217 760).

295 3241 481 3304 Devenimus
510 3244 547 3302 ad
573 3263 640 3303 eum
668 3245 766 3303 locum
793 3245 844 3319 qui
873 3253 920 3302 est
943 3244 979 3302 de
1007 3243 1134 3319 pristina
1158 3242 1229 3300 sede
1257 3241 1383 3317 templi
1407 3238 1544 3298 Vestae

209 3345 347 3421 Regiae
376 3347 557 3404 fastorum
585 3347 832 3405 consularium
862 3356 971 3421 atque
1000 3343 1290 3421 triumphalium:
1322 3343 1358 3400 de
1380 3360 1439 3417 quo
1461 3341 1543 3399 iden·

212 3446 302 3504 tidem
325 3447 492 3523 significavi
516 3467 552 3504 ue
574 3468 651 3506 nunc
674 3448 792 3524 quidem
816 3466 904 3522 posse
927 3457 1008 3505 certa
1029 3446 1144 3504 ratione
1172 3444 1305 3503 iudicari.
1350 3461 1417 3502 esse
1438 3443 1542 3519 templi

212 3546 324 3607 Vestae
339 3548 531 3608 fundamenta
551 3550 711 3608 rotundam
735 3551 985 3609 substructionem
1008 3569 1073 3608 eam
1095 3567 1184 3624 quam
1206 3547 1236 3605 in
1258 3547 1355 3605 forma
1376 3565 1444 3605 mea
1460 3546 1542 3603 vides

193 3670 228 3724 ,e
254 3652 376 3727 regione
402 3652 505 3727 templi
527 3651 692 3711 Faustinae
717 3653 847 3728 positam
879 3671 939 3710 non
969 3669 1062 3726 nego;
1096 3670 1148 3709 cur
1173 3668 1279 3726 negem
1300 3656 1381 3707 certo
1405 3655 1543 3707 constare

211 3771 280 3812 esse
301 3754 403 3830 templi
424 3753 537 3812 Vestae
559 3754 622 3812 dixi
644 3754 816 3813 Jahresber.
836 3753 915 3811 1875
939 3772 966 3829 p.
985 3751 1053 3809 772.
1097 3771 1194 3828 neque
1217 3750 1300 3808 aliud
1322 3750 1393 3827 quid
1415 3750 1543 3827 probunt

210 3855 384 3914 decantatae
406 3854 476 3913 illae
499 3856 647 3930 virgiuum
661 3856 774 3916 Vestae
789 3855 876 3912 bases
892 3854 1070 3911 honorariae
1086 3873 1175 3931 quam
1189 3852 1283 3910 fuisse
1299 3852 1407 3908 atrium
1429 3851 1542 3910 Vestae

211 3957 290 4014 circa
312 3976 348 4015 ea
368 3955 437 4016 loca
451 3957 500 4016 ubi
524 3957 550 4016 si
573 3957 678 4016 audias
695 3959 877 4034 scriptorum
898 3956 1070 4015 testimonia
1085 3973 1144 4012 non
1163 3962 1264 4030 potest
1278 3971 1337 4009 non
1358 3952 1462 4023 luisse,
1485 3954 1541 4012 sub

210 4058 321 4136 angulo
343 4059 454 4118 montis
476 4059 609 4118 Palatini
630 4060 660 4117 iu
683 4060 781 4118 iorum
804 4076 890 4117 verso
914 4059 978 4116 sive
1000 4058 1080 4116 circa
1101 4057 1204 4116 aedem
1227 4054 1258 4115 S.
1281 4054 1395 4113 Mariae
1416 4053 1540 4114 Libera·

210 4160 293 4218 tricis
316 4160 368 4235 (cl.
392 4162 430 4219 ad
453 4182 481 4219 n.
498 4160 667 4238 93-107),
689 4180 747 4220 non
771 4171 803 4219 ut
824 4181 919 4238 nuper
942 4161 1055 4238 placuit
1077 4158 1226 4230 Dutertio,
1254 4164 1322 4215 aute
1344 4157 1541 4216 substructio·

210 4281 275 4320 nem
290 4262 373 4321 illam
389 4262 547 4322 rotundam
563 4282 668 4322 versus
685 4264 828 4339 templum
843 4262 1022 4322 Faustinae:
1046 4283 1073 4321 1.
1095 4280 1171 4338 quae
1187 4258 1251 4318 dixi
1268 4259 1441 4317 Jahresber.
1460 4259 1539 4317 1876

210 4382 239 4439 p.
259 4364 326 4422 173.
363 4366 463 4442 itaque
484 4383 545 4424 non
563 4366 653 4442 longe
668 4385 686 4424 a
701 4365 828 4442 pristina
848 4365 918 4424 sede
934 4365 1083 4424 abstracta
1096 4364 1179 4422 basis
1196 4361 1396 4420 anathematis
1412 4362 1540 4420 alicuius

210 4464 281 4523 olim
296 4469 326 4524 in
341 4467 427 4538 atrio,
443 4467 558 4543 opinor,
573 4467 625 4525 illo
641 4467 796 4527 conlocata
811 4475 840 4526 et
855 4475 982 4542 reperta,
999 4467 1025 4526 si
1041 4465 1174 4526 Caninae
1191 4465 1281 4522 verba
1296 4473 1374 4521 recte
1389 4465 1539 4540 intellego,

208 4567 285 4625 inter
308 4566 462 4627 basilicam
484 4569 588 4627 Iuliam
616 4582 645 4628 et
672 4570 774 4629 aedem
798 4567 933 4628 Castoris
960 4569 1003 4642 (n.
1025 4570 1062 4627 53
1088 4569 1219 4644 [Ve]stoe
1245 4570 1348 4627 donum
1370 4588 1427 4644 pro
1449 4567 1541 4626 salute

208 4668 304 4727 Iuliae
325 4669 502 4746 Au9(ustae)
524 4676 624 4730 matria
646 4672 689 4729 M.
714 4671 853 4729 Antonini
874 4670 1026 4747 An9(nsti)
1048 4670 1166 4746 n(ostri)
1189 4672 1284 4746 cett).

293 4771 413 4830 Atrium
435 4771 509 4829 illud
531 4773 562 4831 in
586 4773 745 4832 annalibus
768 4771 1120 4841 1110111154211543,
1142 4773 1251 4846 quibus
1274 4790 1348 4831 usus
1371 4782 1419 4832 est
1431 4770 1540 4828 Livius

211 4870 260 4943 26,
285 4872 333 4945 27,
358 4873 385 4930 3.
410 4872 459 4945 27,
485 4875 532 4945 11,
558 4874 605 4946 16,
628 4878 732 4932 utrium
754 4879 861 4950 rapiam
889 4874 1001 4932 dictum
1023 4892 1091 4932 csse
1118 4883 1290 4932 constat-
1307 4873 1437 4932 secundo
1459 4873 1539 4930 enim

209 4974 276 5032 loco
299 4973 379 5050 quod
401 4974 541 5033 traditum
564 4985 611 5034 est
630 4979 734 5034 atrium
755 4979 863 5052 rapiant
885 4976 936 5051 qui
960 4975 1120 5034 defendunt
1142 4996 1203 5034 rem
1223 4976 1354 5052 ineptam
1370 4995 1425 5034 nec
1447 4974 1541 5032 latine

209 5075 319 5134 dictam
334 5083 453 5135 tuentur
467 5109 507 5120 -
523 5078 610 5148 unde,
633 5085 665 5136 ut
679 5087 778 5136 cetera
792 5089 915 5149 taceam,
932 5077 1061 5137 eflicitur
1077 5087 1109 5135 ut
1124 5077 1227 5154 templi
1242 5077 1414 5156 Regiaeque
1430 5075 1540 5134 atrium

208 5174 287 5235 idem
312 5178 408 5238 fuisse
435 5179 663 5239 existimandum
692 5180 741 5238 sit.
786 5180 897 5257 templo
923 5179 1013 5256 igitur
1039 5178 1151 5239 Vestae
1172 5179 1269 5256 Regia
1297 5179 1439 5257 contigua
1465 5182 1540 5234 erat.
