3510 5812
225 511 295 581 182
818 527 965 588 uberim

222 703 329 762 Latine
352 705 438 762 leaeo
459 706 551 763 scribi
574 707 661 766 docet
678 708 828 785 Ducangii
850 710 1039 785 glossarium.
1084 707 1155 770 Scio
1173 708 1212 765 ad
1226 708 1390 767 Arabicam
1408 706 1559 781 originem

221 806 295 864 baec
316 807 419 864 referri
442 807 553 878 solere3
575 810 628 866 sed
651 831 720 868 num
743 811 807 869 inre
830 811 887 871 hoc
909 812 962 871 fiat
983 810 1132 887 dubit01).

304 907 389 966 Haec
411 921 481 967 sunt
501 928 578 985 quae
600 911 637 970 de
659 913 848 989 singulorum
863 914 1075 974 vocabulorum
1095 913 1184 972 huius
1206 913 1314 990 capitis
1337 910 1558 988 significatione

220 1011 439 1085 praemittenda
464 1012 547 1071 duxi.
591 1013 677 1090 Opus
707 1025 804 1075 autem
835 1018 1056 1076 scaurariorum
1090 1016 1349 1090 testariorumque,
1383 1030 1459 1090 quos
1492 1012 1555 1069 iam

220 1115 399 1189 coniungere
418 1123 482 1173 tuto
501 1117 601 1176 licebit
616 1127 648 1176 nt
661 1121 692 1175 in
707 1119 814 1194 capitis
829 1120 1024 1196 inscriptione
1039 1119 1189 1178 coniuncti
1205 1127 1285 1191 sunt,
1304 1115 1394 1192 quale
1407 1114 1502 1173 fuerit
1515 1131 1555 1172 ex

219 1214 281 1272 illis
297 1216 397 1275 verbis
413 1217 515 1276 licebit
529 1220 679 1296 colligere,
700 1220 809 1295 quibus
824 1222 941 1280 duobus
958 1221 1032 1280 illud
1048 1222 1138 1280 huius
1152 1221 1259 1297 capitis
1274 1219 1350 1278 loeis
1365 1216 1555 1286 describitur,

345 1339 373 1377 r.
389 1318 429 1376 46
452 1320 490 1378 47
514 1363 667 1380 ........
680 1342 711 1381 re
725 1324 868 1400 ecpeldire
881 1328 1023 1400 frangere
1045 1343 1157 1384 comere
1179 1323 1279 1382 locare

345 1440 372 1478 v.
389 1421 429 1479 53
454 1422 493 1479 54
516 1444 640 1499 ...pa
653 1467 870 1484 ...........
875 1426 1029 1504 srac]}tum
1050 1437 1154 1485 metum
1177 1427 1358 1501 lavatumque

302 1523 340 1581 In
359 1523 468 1583 lacuna
490 1536 615 1602 utraque
632 1547 721 1585 unum
744 1527 909 1587 alterumve
930 1535 1086 1606 praeterea
1099 1529 1223 1587 verbum
1244 1533 1344 1604 potest
1365 1523 1554 1584 intercidisse

219 1622 263 1696 (v.
279 1624 317 1682 47
341 1626 459 1685 litterae
473 1627 592 1687 circiter
606 1630 711 1706 viginti
728 1641 867 1706 quattuor
889 1631 1073 1704 exciderunt,
1095 1651 1124 1690 v.
1140 1632 1179 1690 56
1203 1630 1320 1689 circiter
1337 1627 1444 1704 viginti
1465 1624 1550 1701 sex):

219 1725 308 1798 quale
329 1727 404 1786 illud
424 1729 514 1788 illave
533 1731 623 1790 fuerit
638 1741 720 1790 certa
740 1734 910 1791 coniectura
932 1735 1023 1792 statui
1044 1753 1105 1793 uon
1122 1750 1215 1809 posse
1236 1740 1320 1809 patet
1340 1737 1460 1808 praeter
1480 1748 1553 1805 pnr-

218 1829 310 1902 gandi
338 1849 451 1902 vocem,
484 1851 560 1908 quae
588 1851 707 1893 summa
733 1854 798 1893 cum
832 1836 1043 1912 probabilitate
1075 1835 1251 1894 restituitur.
1300 1831 1429 1892 Collatis
1455 1832 1549 1891 Plinii

218 1929 318 1990 verbis
349 1931 503 2006 (XXXIII
533 1933 625 2010 ξ69)
652 1937 793 1997 tundendi
824 1939 927 1997 urendi
956 1939 1087 1997 molendi
1115 1938 1208 1997 verba
1234 1936 1333 1995 locum
1361 1936 1410 1993 hic
1438 1935 1550 1994 hebere

217 2042 386 2107 potuerunt.
444 2034 561 2094 Deinde
594 2057 661 2097 cum
697 2039 875 2117 expediendi
907 2041 997 2099 etiam
1031 2041 1155 2100 tollendi
1191 2038 1273 2098 notio
1306 2037 1394 2096 facile
1426 2037 1552 2096 coniun-

217 2135 311 2209 gitur3
333 2135 460 2213 denique
481 2157 519 2196 ne
534 2138 626 2199 flandi
648 2141 767 2217 quidem
789 2160 865 2219 opus
886 2144 1033 2202 absonum
1049 2144 1175 2213 videtur,
1197 2151 1231 2199 ut
1249 2141 1457 2200 demonstrent
1471 2155 1550 2216 quae

219 2256 246 2294 v.
263 2236 303 2295 56
326 2249 474 2299 secuntur.

301 2338 444 2400 Scantiae
469 2343 562 2420 igitur
588 2346 776 2423 argentariae
804 2347 948 2419 aerariae,
974 2347 1074 2423 pulvis
1097 2367 1136 2407 ex
1156 2346 1270 2406 eisdem
1292 2345 1429 2417 scauriis,
1450 2352 1548 2404 rutra·

216 2440 298 2499 mina
319 2442 380 2518 (cui
403 2445 545 2503 vocabulo
567 2465 600 2505 ce
621 2448 798 2524 particulam
820 2468 839 2506 a
858 2448 1051 2525 quadratario
1073 2467 1144 2510 casu
1167 2449 1311 2508 omissam
1333 2447 1435 2506 addidi
1456 2464 1550 2523 prop·

215 2549 261 2600 ter
280 2545 457 2618 pulveremve
479 2548 561 2623 quod
581 2549 748 2625 praecedit)
771 2552 928 2628 purgando
951 2552 1116 2628 frangendo
1137 2551 1286 2610 cernendo
1307 2549 1435 2608 lavando
1457 2567 1547 2624 para·

215 2645 337 2717 bantur;
365 2666 433 2707 nam
461 2650 553 2707 verba
584 2651 638 2709 illa
663 2671 835 2729 quanquam
861 2672 922 2712 non
951 2655 1049 2730 posita
1076 2654 1179 2713 eodem
1206 2673 1267 2728 qno
1294 2653 1417 2712 nomina
1441 2650 1547 2710 ordine

215 2755 314 2807 tamen
335 2750 493 2809 reserenda
513 2770 581 2811 esse
602 2753 759 2829 frangendi
778 2755 898 2813 verbum
921 2755 961 2813 ad
982 2757 1155 2828 rutramina‚
1177 2755 1317 2815 cernendi
1338 2753 1376 2812 ad
1398 2753 1547 2824 scauriu,

214 2849 336 2908 lavandi
358 2852 396 2910 ad
417 2853 568 2928 pulverem
592 2855 784 2914 manifestum
807 2863 862 2914 est.
908 2854 993 2930 Quae
1014 2859 1231 2935 praecedebant
1251 2858 1356 2931 verba,
1369 2855 1411 2932 (v.
1427 2854 1484 2929 47)
1504 2854 1548 2912 od

214 2970 355 3011 metarum
381 2955 542 3030 pondu[sce
568 2997 742 3016 .........
771 2957 961 3033 (exciderunt
985 2960 1104 3019 litterae
1131 2962 1247 3020 circiter
1273 2958 1440 3037 viginti)]re
1462 2975 1546 3032 cepe·

213 3055 285 3129 {dire
311 3056 364 3112 vix
393 3066 473 3115 certo
501 3058 590 3116 modo
611 3059 714 3118 licebit
736 3060 885 3135 supplere.
930 3058 1019 3134 Quod
1045 3064 1171 3123 tollendi
1197 3065 1325 3123 fortasse
1350 3058 1546 3137 expediendi-

211 3173 269 3230 qne
291 3159 383 3216 verba
404 3159 587 3233 praecedunt
610 3161 736 3238 reliqua,
765 3181 842 3237 quae
869 3164 1032 3223 secundum
1054 3166 1150 3243 ipsius
1172 3167 1272 3244 operis
1294 3174 1431 3223 naturam
1454 3161 1544 3220 debe·

211 3257 284 3316 bant
305 3261 489 3335 antecedere,
512 3282 572 3323 non
594 3264 718 3324 offendit
737 3265 769 3322 in
792 3266 939 3325 sermonis
959 3267 1014 3325 illa
1034 3269 1236 3346 neglegentia,
1258 3286 1348 3343 qnam
1368 3285 1424 3344 per
1444 3264 1543 3342 legem

212 3363 382 3421 universam
404 3364 538 3424 videmus
559 3367 703 3426 obtinere.
720 3401 758 3410 —
776 3366 822 3426 De
845 3367 892 3426 his
914 3368 1155 3430 Mommsenns
1176 3372 1251 3430 haec
1272 3387 1387 3429 mecum
1409 3385 1542 3427 commu-

211 3464 338 3523 nicavit:
359 3462 432 3524 ‘Ubi
454 3468 553 3545 agitur
575 3470 611 3527 de
636 3471 823 3547 purgatione,
843 3489 984 3530 mensura
1001 3473 1157 3549 pondusve
1175 3481 1257 3533 recte
1277 3469 1428 3548 interponi
1442 3468 1543 3545 potuit

210 3566 262 3638 ita,
284 3577 317 3626 ut
338 3568 463 3644 singulis
477 3572 578 3646 operis
600 3571 726 3648 singulis
749 3572 854 3632 diebus
875 3592 935 3631 non
958 3577 1180 3649 permitteretur
1200 3594 1241 3634 ex
1256 3573 1384 3633 metallis
1405 3569 1541 3631 scantiae

209 3674 343 3727 testesve
361 3672 519 3729 extrahere
541 3672 618 3731 ultra
639 3683 750 3733 certam
765 3692 934 3734 mensuram
949 3684 1099 3736 certumve
1121 3677 1255 3754 pondus:
1278 3694 1339 3752 qua
1360 3676 1397 3734 de
1418 3693 1451 3732 re
1472 3691 1542 3732 curn

208 3769 240 3828 in
261 3771 328 3847 lege
349 3772 386 3830 de
401 3772 532 3833 metallis
552 3775 686 3852 generali
708 3788 826 3837 mutum
845 3784 935 3850 esset,
958 3778 1015 3836 hoc
1035 3779 1100 3837 loco
1120 3780 1221 3838 brevis
1242 3778 1387 3838 indicatio
1409 3775 1542 3836 sufficie·

208 3871 269 3950 bat.
314 3871 504 3953 Quapropter
526 3896 607 3948 eave,
630 3897 667 3938 ne
693 3881 875 3956 emptionem
904 3881 973 3939 hnic
1001 3881 1071 3941 loco
1097 3881 1272 3958 interponas
1298 3901 1318 3939 a
1343 3887 1408 3939 tota
1431 3877 1542 3954 cepitis

208 3976 357 4033 sententia
378 3977 467 4052 plane
488 3980 706 4040 abhorrentem.
749 3982 961 4058 Expediuntur
979 3992 1079 4043 autem
1094 4003 1155 4043 non
1176 3991 1292 4042 tantum
1307 3999 1434 4059 eaquae
1456 3980 1540 4038 foras

208 4077 376 4149 mittuntur,
403 4079 456 4137 sed
482 4100 520 4139 ea
545 4100 663 4157 qnoque
689 4101 768 4158 quae
787 4102 878 4143 manu
900 4093 1064 4145 tractantur
1085 4096 1116 4144 et
1135 4086 1343 4163 perficiuntur:
1369 4082 1485 4160 pariter
1506 4088 1542 4140 ut

207 4195 235 4233 v.
252 4177 292 4236 54
319 4180 417 4255 agitur
449 4182 486 4240 de
514 4182 660 4258 lapidibus
688 4185 790 4242 lamiis
817 4188 964 4263 expeditis.
1007 4189 1115 4264 Itaque
1147 4186 1325 4264 expediendi
1357 4183 1539 4244 vocabulum

206 4296 267 4336 non
289 4281 436 4356 significat
457 4283 602 4342 hocloco
624 4285 683 4343 nisi
706 4285 737 4343 id
757 4286 856 4362 ipsum
880 4287 961 4364 quod
982 4289 1085 4364 paullo
1106 4288 1228 4348 diversa
1248 4289 1364 4348 ratione
1386 4286 1539 4364 signitica-

207 4388 255 4437 tur
276 4381 362 4440 iuxta
383 4384 491 4459 positis
514 4385 661 4463 purgandi
684 4395 715 4445 et
735 4386 890 4466 frangendi
912 4396 943 4447 et
964 4387 1091 4449 ceteris'.

290 4481 366 4542 Cum
392 4487 612 4546 securariorum
642 4507 733 4564 opere
757 4489 947 4565 coniungitur
973 4491 1081 4551 deinde
1107 4511 1180 4569 opus
1205 4497 1235 4552 in
1261 4492 1452 4568 lapicaedinia
1480 4509 1538 4568 qao

206 4601 261 4657 qao
282 4587 365 4645 modo
380 4589 550 4661 sociandum
572 4590 612 4665 (v.
631 4590 696 4666 48),
719 4591 800 4667 quod
821 4610 881 4651 non
903 4593 941 4651 ad
962 4595 1103 4652 testarios
1125 4594 1313 4653 referendum
1335 4593 1389 4653 sed
1410 4612 1429 4652 a
1450 4610 1537 4652 scan-

205 4685 354 4745 rariorum
374 4691 622 4770 testarierumque
643 4711 735 4770 opere
757 4694 909 4754 diversum
935 4705 1057 4774 propter
1079 4707 1235 4757 externam
1263 4705 1377 4757 tantum
1403 4694 1536 4772 aliquam

205 4882 409 4901 *⁸—

282 5033 305 5096 ¹)
343 5035 385 5085 De
409 5034 507 5086 lausiac
526 5038 650 5088 vocabulo
672 5038 886 5092 Soromenins
905 5058 1004 5093 mecum
1023 5046 1108 5106 sentit,
1129 5045 1172 5109 qui
1190 5042 1286 5111 pedrae
1304 5041 1335 5094 de
1354 5041 1427 5094 leaeo
1438 5040 1536 5094 Portu·

202 5124 355 5188 gallensium
380 5142 438 5176 cnm
456 5127 685 5193 Francogallornm
708 5129 788 5182 rables
806 5125 937 5184 dardeise
955 5138 1095 5200 componit.
1132 5134 1198 5186 liam
1218 5137 1331 5201 lapidem
1350 5134 1476 5188 schellam
1492 5146 1542 5187 ab.

204 5217 285 5282 periri
303 5218 452 5286 frequenter
469 5221 498 5271 ln
516 5221 661 5287 lapicidinis
680 5239 761 5292 prope
780 5225 908 5295 Ab'ustrel
926 5228 1040 5280 adnotat.
