3510 5812
599 493 865 543 auxitanam
893 491 1142 543 vrrascausm.
1462 472 1531 543 173

207 666 289 737 trini,
311 667 461 738 tonstrini,
482 668 672 726 tabernarum
693 667 897 736 fulloniarum‚
925 675 976 724 aut
1002 668 1132 725 tortasse
1155 684 1303 743 suspenso
1326 686 1345 723 a
1366 668 1534 744 praescrip·

209 769 301 828 donis
322 770 416 828 totius
439 770 514 846 legis
536 771 591 828 tali
613 770 674 827 lere
696 770 839 828 formula:
870 788 943 845 quae
963 773 1075 845 nepotia
1098 772 1226 846 officiave
1243 779 1417 845 procurator
1437 772 1534 829 rnewl·

209 870 302 930 mrum
324 890 357 930 ca
379 872 433 930 lac
455 874 515 948 lopo
536 872 679 942 locaverit,
702 891 796 930 corurn
816 877 991 948 nepotiorarn
1013 875 1203 948 officiorumce
1224 875 1407 931 conductores
1429 874 1536 950 sinpuli

204 977 358 1051 pensiones
379 975 451 1050 Jieco
478 974 607 1032 soleanto
629 979 669 1033 eis
700 974 907 1033 condicionibus
934 994 1008 1050 quae
1029 977 1110 1049 insro
1134 978 1259 1051 scriptae
1285 980 1362 1045 surit3
1397 976 1536 1035 videlicet

209 1076 316 1137 balinei
329 1078 451 1154 finandi
471 1081 577 1153 pensio
600 1077 643 1135 ita
663 1077 809 1135 solvenda
831 1077 878 1134 vel
900 1077 1043 1135 similiter.
1088 1076 1166 1135 Tres
1189 1076 1240 1135 alii
1270 1077 1347 1135 tituli
1369 1078 1446 1153 (III
1462 1079 1535 1155 VII)

209 1187 307 1237 atrum
334 1179 473 1255 genetivo
500 1198 538 1237 an
565 1180 746 1238 nominativo
773 1180 909 1254 concepti
938 1180 998 1237 sint
1024 1199 1061 1236 ex
1088 1179 1299 1238 vocabulorum
1327 1181 1431 1238 formis
1458 1181 1535 1256 ipsis

212 1290 295 1341 certo
327 1300 387 1340 noa
421 1282 565 1357 sequitur.
617 1278 804 1340 centesimae
832 1283 911 1339 enim
944 1291 974 1339 et
1005 1282 1169 1357 scrIpturae
1200 1282 1271 1341 illae
1304 1284 1392 1342 etiam
1426 1283 1536 1358 plurali

211 1400 335 1442 numero
357 1383 450 1442 dictae
472 1401 538 1442 esse
559 1393 696 1459 possunt,
718 1384 761 1441 ita
782 1394 815 1441 ut
835 1384 1047 1462 intellegantur
1061 1385 1240 1442 centesimae
1261 1403 1316 1461 pro
1339 1404 1536 1461 unaquaque

211 1486 404 1561 stipulatione
426 1486 595 1564 argentaria
617 1485 788 1545 solvendae.
833 1484 1004 1563 Scripturas
1026 1497 1086 1544 tum
1102 1486 1196 1546 dictas
1211 1504 1278 1544 esse
1299 1489 1475 1563 putaverim,
1497 1488 1535 1545 si·

211 1588 323 1647 militer
346 1599 378 1646 ut
399 1596 546 1646 vetustam
569 1605 748 1664 pascuorum
771 1589 959 1665 scripturam,
986 1590 1145 1664 pensiones
1173 1589 1371 1666 praeconibus
1398 1608 1452 1665 pro
1478 1609 1537 1648 uno

211 1708 329 1766 qaoque
356 1691 518 1766 praeconio
546 1690 714 1749 solvendas.
758 1690 841 1748 Haec
866 1693 980 1749 incerta
1001 1709 1068 1750 esse
1091 1692 1166 1764 Βοῖος
1194 1691 1247 1750 sed
1275 1712 1334 1750 non
1356 1692 1453 1770 magis
1476 1712 1538 1749 eer-

212 1800 273 1851 tam
296 1801 369 1868 pato
392 1811 481 1869 quam
502 1793 744 1851 Mommsenus
770 1794 929 1870 proposuit
956 1795 986 1850 in
1009 1793 1201 1852 adnotatione
1222 1795 1302 1852 infra
1321 1795 1421 1871 posita
1443 1795 1538 1870 expli·

211 1894 365 1953 atonem.
409 1896 508 1972 Magis
528 1895 578 1952 hic
592 1913 710 1971 quoqne
726 1897 843 1953 videtur
864 1894 1064 1972 intellegenda
1085 1915 1154 1955 esse
1176 1897 1332 1955 conductio
1348 1898 1411 1955 sive
1432 1898 1539 1973 pensio

212 1997 392 2056 centesimae
413 1999 598 2075 argentariae
621 1998 832 2074 stipulationis,
860 1998 1022 2073 scripturae
1043 2000 1206 2074 praeconii,
1233 1999 1398 2074 scripturae
1420 2017 1537 2057 scauru-

212 2100 325 2158 riorum
347 2109 377 2158 et
397 2101 595 2158 testarierum.
639 2098 720 2158 Nam
742 2100 822 2175 quod
842 2100 875 2158 in
900 2101 995 2159 titulis
1017 2101 1100 2159 hisce
1122 2103 1159 2159 ab
1182 2102 1277 2159 altero
1304 2102 1440 2178 genetivo
1463 2102 1539 2160 alter

212 2218 379 2277 suspensus
405 2210 452 2260 est
478 2221 538 2261 non
570 2201 694 2261 offendit
719 2203 750 2259 in
777 2220 914 2261 sermone
941 2202 1016 2278 legis
1043 2221 1103 2261 non
1130 2203 1169 2260 ad
1195 2202 1312 2261 dicendi
1335 2214 1427 2262 artem
1450 2204 1539 2261 anxie

212 2302 350 2375 formato,
378 2304 430 2363 scd
458 2305 557 2381 potius
579 2305 690 2362 inculto
712 2305 822 2381 quique
844 2305 1051 2381 perspicuitati
1078 2315 1192 2363 tantum
1215 2306 1368 2364 inserviat.
1412 2305 1540 2363 Restant

214 2405 293 2465 tituli
315 2406 374 2465 duo
396 2407 588 2465 nominativis
611 2411 699 2464 certIs
722 2407 858 2482 concepti
880 2406 955 2464 VIII
978 2407 1039 2464 ludi
1058 2410 1190 2482 irrupistri
1216 2417 1246 2465 et
1267 2407 1315 2464 IX
1339 2412 1539 2483 usurpationes

210 2517 361 2586 puteorum
382 2513 440 2568 sios
458 2512 664 2585 pittaciariurn.
707 2508 787 2566 Nam
811 2509 873 2566 ludi
893 2512 1025 2584 ntapistri
1046 2509 1137 2567 verba
1157 2528 1214 2567 non
1237 2529 1291 2586 pro
1315 2511 1462 2586 genetiuis
1488 2511 1538 2568 lra-

215 2610 313 2670 benda
337 2628 406 2670 esse
434 2611 525 2669 verba
550 2611 646 2687 ipsius
674 2611 781 2686 capitis
809 2610 885 2686 (tadi
910 2615 1061 2686 mopistros
1078 2655 1084 2668 .
1102 2656 1109 2670 .
1127 2655 1133 2669 .
1150 2615 1284 2669 terniones
1312 2630 1371 2669 esse
1397 2611 1538 2690 [placctD

214 2711 356 2784 suadent3
378 2716 576 2790 usurpationes
599 2722 706 2783 autem,
729 2732 787 2770 non
810 2717 1015 2788 usurpationis,
1041 2713 1158 2771 videtur
1182 2732 1287 2771 revera
1309 2714 1450 2789 scriptum
1473 2732 1540 2772 esse

214 2815 246 2874 in
271 2833 349 2888 aere,
377 2816 515 2893 quamvis
541 2834 576 2872 eo
608 2817 675 2873 loco
701 2834 823 2873 corroso
850 2834 944 2891 neque
971 2833 1096 2890 prorsus
1122 2817 1291 2892 perspicuo.
1336 2814 1396 2876 Sed
1423 2816 1541 2874 etiamsi

215 2922 411 2995 usurpationis
432 2917 552 2975 dedisse
574 2919 798 2994 quadratarium
827 2927 879 2974 ant
901 2926 980 2976 certe
1002 2918 1073 2976 dare
1097 2917 1228 2976 voluisse
1252 2919 1421 2990 statuimus,
1448 2929 1542 2976 restat

211 3022 409 3096 fiduciariam
429 3020 535 3090 forma,
558 3038 634 3095 quae
650 3038 819 3095 quanquam
842 3020 960 3097 etipsa
981 3029 1081 3096 potest
1102 3021 1257 3098 genetivus
1280 3038 1347 3078 esse
1368 3039 1388 3077 a
1409 3021 1542 3078 nomina·

215 3120 277 3181 tivo
295 3125 465 3199 pittaciares
488 3131 539 3180 aut
559 3125 728 3198 pittaciaria
750 3133 830 3181 reete
850 3122 1008 3193 formatus,
1031 3132 1130 3180 tamen
1146 3123 1198 3180 vix
1218 3123 1413 3198 probabiliter
1434 3110 1543 3198 poterit

216 3224 355 3301 coniungi
380 3243 447 3282 cum
477 3225 680 3299 usurpationis
706 3224 865 3294 vocabulo,
892 3224 1036 3300 quidquid
1062 3237 1216 3300 practerea
1237 3225 1273 3282 de
1295 3225 1383 3283 huius
1406 3226 1483 3284 tituli
1505 3227 1542 3284 si·

216 3326 407 3403 gnificatione
428 3344 500 3385 sane
522 3326 710 3385 subobscura
730 3326 918 3384 indicaveris.
963 3325 1067 3402 Itaque
1090 3328 1120 3382 in
1142 3327 1296 3384 titulorum
1319 3327 1415 3386 forma
1434 3347 1542 3403 aequa·

218 3428 364 3487 bilitatem
391 3448 451 3487 non
478 3428 573 3506 magis
599 3427 735 3486 videmus
761 3436 910 3486 servatam
937 3446 1004 3487 esse
1030 3437 1121 3504 quam
1148 3429 1178 3486 in
1206 3430 1355 3504 scriptura
1376 3438 1406 3487 et
1431 3431 1460 3487 in
1484 3448 1543 3489 ser·

217 3548 305 3591 mone
327 3532 414 3590 huius
436 3532 522 3608 legis.
565 3529 661 3588 Multo
683 3531 772 3589 ctiam
795 3532 892 3589 miurus
914 3532 945 3589 in
967 3531 1122 3589 titulorum
1149 3532 1226 3590 serie
1248 3540 1346 3590 cernis
1368 3533 1441 3590 ordo
1464 3532 1542 3592 vide·

216 3642 267 3692 tar
287 3635 463 3693 observatus
485 3650 562 3692 esse.
606 3632 691 3691 Licet
713 3633 789 3691 enim
812 3644 883 3709 post
908 3636 1098 3693 centesimam
1127 3635 1314 3711 argentariae
1340 3635 1544 3711 stipulationis

217 3744 298 3795 recte
319 3745 462 3813 sequatur
490 3735 638 3812 scriptura
663 3737 817 3811 praeconii
844 3737 1019 3812 possintque
1046 3737 1136 3794 etiam
1163 3756 1223 3794 non
1246 3738 1344 3811 inepte
1367 3738 1449 3812 iungi
1471 3737 1543 3795 bali-

221 3857 308 3897 neum
334 3840 481 3897 sutrinum
508 3837 687 3895 tonstrinum
714 3837 865 3908 fullonica,
893 3845 991 3895 tamen
1019 3852 1108 3913 caput
1134 3839 1223 3895 breve
1252 3839 1334 3913 quod
1356 3848 1403 3895 est
1424 3840 1461 3895 de
1482 3839 1544 3894 ludi

219 3942 370 4018 magistrIs
398 3941 596 4017 interponitur
623 3938 737 3996 ratione
760 3938 841 3995 nulla
866 3939 943 3996 inter
965 3940 1142 4015 scripturam
1166 3941 1383 3997 scaurarioruru
1408 3951 1436 3997 et
1459 3958 1543 3997 usur·

218 4045 356 4121 pationes
378 4054 542 4121 puteorum.
588 4038 726 4099 Ceterum
748 4062 787 4099 ne
809 4042 839 4099 in
861 4041 977 4117 legibus
992 4040 1111 4117 quidem
1133 4042 1237 4118 populi
1260 4042 1389 4099 Rotnani
1412 4042 1545 4099 ordinem

219 4147 333 4229 servari
354 4156 467 4204 certum
488 4151 518 4203 et
538 4143 728 4221 perspicuum
756 4143 806 4200 lex
830 4143 907 4201 Iulia
928 4143 1119 4219 municipalis
1141 4150 1280 4214 testatur;
1311 4145 1341 4201 in
1362 4144 1429 4221 lege
1450 4143 1543 4203 Urso·

219 4250 305 4307 nansi
327 4247 405 4306 idem
427 4266 522 4323 nuper
544 4247 703 4304 observare
725 4246 814 4303 licuit.
860 4246 907 4304 De
930 4247 1087 4303 universae
1109 4246 1200 4322 igitar
1222 4245 1297 4322 legis
1319 4264 1427 4323 genere
1449 4256 1479 4304 et
1500 4247 1544 4302 in·

221 4349 287 4409 dole
308 4350 397 4409 etiam
420 4370 458 4408 cx
480 4350 633 4409 titulorum
657 4360 841 4407 servatorum
865 4349 968 4407 ordine
990 4349 1062 4406 certi
1084 4349 1156 4406 nihil
1180 4349 1344 4407 deducitur.

302 4450 414 4512 Notum
437 4460 483 4510 est
503 4453 706 4529 negotiatores
729 4452 881 4509 Romanos
904 4455 1137 4527 peregrinosque
1163 4452 1214 4527 qui
1243 4452 1400 4528 vectigalia
1425 4451 1546 4527 publica
1566 4470 1684 4521 Conduc-

222 4554 420 4613 conducerent
439 4555 600 4613 secundum
618 4564 764 4612 vetustam
783 4549 1037 4625 consuetudinem,
1060 4572 1149 4629 quani
1168 4554 1298 4611 sortasse
1321 4572 1359 4610 ex
1375 4554 1545 4611 Poenorum
1590 4561 1657 4604 tores

221 4656 384 4716 aliorumve
398 4657 593 4716 barbarorum
610 4657 747 4733 exemplo
762 4656 831 4714 licet
845 4656 990 4726 derivare,
1005 4657 1035 4713 in
1051 4657 1208 4714 societates
1225 4674 1315 4732 saepe
1329 4657 1448 4725 coiisse,
1470 4656 1547 4712 unde

221 4758 258 4815 de
279 4759 460 4818 conductore
482 4759 583 4834 aquuo
606 4759 750 4836 siugulari
774 4777 867 4832 paene
890 4776 1054 4833 nunquam,
1077 4760 1130 4816 sed
1153 4768 1323 4817 constanter
1343 4758 1456 4816 fereda
1477 4777 1547 4816 oon-

221 4860 393 4921 dactoribus
416 4862 526 4919 mentio
549 4860 625 4936 fit1).
669 4862 705 4919 In
728 4860 878 4936 Hispania
905 4860 1025 4918 metalla
1049 4861 1239 4937 potissimum
1265 4860 1361 4920 multa
1387 4860 1480 4919 sociis
1502 4860 1546 4917 lo·

300 5100 323 5164 ¹)
362 5104 430 5154 Vide
449 5119 514 5169 quac
534 5104 784 5154 Hirschfeldius
804 5104 1041 5154 adnotantes.
1063 5121 1088 5169 p.
1107 5106 1139 5155 ts
1165 5119 1280 5170 quaeque
1299 5104 1547 5169 Marquardtius

223 5194 328 5261 collegit
345 5195 406 5246 nim.
427 5194 673 5263 stanter-emultunp
692 5197 720 5247 11
738 5213 764 5262 p.
778 5195 832 5247 ‘256
852 5198 912 5247 adn.
933 5197 958 5247 9.
