3510 5812
416 590 461 599 uc·-
471 589 563 598 -..a-nv·-

211 674 295 723 rent:
317 662 446 741 primum
468 661 666 737 biographum
687 658 815 732 marcu)
842 659 884 715 ita
911 660 1001 717 rerba
1028 661 1135 733 iacere,
1162 672 1194 721 nt
1218 683 1314 724 riorus
1336 667 1455 726 sodales
1478 670 1547 727 diro

212 766 273 825 Pio
295 766 474 825 constitutos
496 781 564 823 esse
585 763 674 822 nobis
696 760 887 821 statuendum
910 763 962 834 sit3
992 772 1054 821 tum
1082 766 1161 841 quod
1189 766 1219 823 iu
1246 768 1440 845 inscriptione
1464 771 1545 831 Hen-

212 867 343 928 zeniana
366 867 447 928 6053
461 891 498 917 =
513 864 547 925 C.
563 865 587 923 Ι.
603 864 639 923 L.
655 864 710 936 Vl,
727 863 805 922 2001
831 864 1002 924 sacerdotes
1024 866 1154 942 quidam,
1178 887 1252 945 quos
1275 871 1396 930 sodulcs
1417 874 1546 932 Antoni·

213 971 324 1029 nianos
347 986 415 1029 esse
436 969 501 1047 ipse
523 964 744 1044 rognoscis)
771 965 881 1037 docuit,
907 967 938 1025 in
964 968 1037 1027 aede
1060 969 1121 1027 diri
1143 970 1192 1028 Pii
1218 973 1376 1032 convenire
1399 975 1546 1052 legantur,

214 1080 280 1132 tum
302 1071 419 1131 demum
442 1078 521 1130 'recte
544 1078 622 1128 stare
645 1088 712 1128 cum
734 1068 873 1144 proprios
897 1067 956 1126 diri
978 1071 1126 1130 Antonini
1148 1073 1318 1133 sacerdotes
1341 1076 1460 1137 sodales
1483 1081 1546 1139 An·

213 1174 389 1234 toninianos
417 1174 512 1233 tuisse
538 1182 718 1242 statuamus,
747 1178 777 1228 at
803 1171 827 1228 si
856 1171 951 1230 eidem
980 1173 1039 1231 sint
1060 1172 1261 1233 Hadrianales
1287 1189 1317 1235 et
1338 1181 1546 1253 Antoniniani,

213 1278 246 1336 in
276 1277 349 1337 aede
376 1275 437 1334 divi
463 1274 610 1334 Hadriani
637 1274 860 1332 Antoninianos
893 1292 1013 1349 quoque
1039 1285 1178 1351 oportere
1211 1280 1378 1339 convenire.
1428 1282 1546 1343 Deinde

212 1378 295 1457 quod
317 1376 424 1440 Sosius
445 1377 568 1437 Priscus
591 1377 696 1435 consul
717 1395 744 1434 a.
763 1375 820 1434 169
842 1376 873 1433 in
896 1376 983 1434 titulo
1005 1376 1200 1454 Tiburtino³)
1223 1381 1333 1440 sodalis
1348 1382 1545 1444 Hadrianulia

213 1482 325 1541 sodalis
347 1480 561 1540 Antoninianos
584 1479 762 1556 appelletur,
791 1479 832 1536 ita
859 1487 973 1537 tantum
1000 1479 1145 1555 explicari
1171 1499 1262 1558 posse
1289 1494 1322 1542 ut
1343 1484 1479 1544 diversos
1502 1488 1545 1544 in-

212 1584 391 1661 tellegamus
414 1581 617 1641 Hadrianales
639 1581 677 1638 ab
699 1581 925 1654 Antoninianis3
954 1601 1022 1640 narn
1050 1583 1077 1640 si
1104 1583 1181 1642 idem
1210 1585 1408 1645 sacerdotium
1431 1588 1546 1647 duobus

212 1684 277 1745 illis
298 1684 452 1743 vocabulis
476 1683 705 1763 significaretur,
728 1680 849 1743 Sosium
871 1684 999 1741 sodalem
1020 1683 1232 1744 Hadrianolem
1248 1687 1474 1748 Antoninianum
1497 1710 1547 1748 vo·

215 1788 280 1847 cari
307 1787 489 1865 oportuisse.
533 1782 649 1845 Tam'en
680 1785 710 1842 in
740 1785 888 1843 diversam
915 1786 1091 1844 sententiam
1120 1788 1193 1846 abiit
1220 1788 1415 1867 Borghesius,
1446 1802 1546 1853 motus

215 1889 304 1949 titulo
326 1887 473 1948 Vaticano
495 1907 584 1966 quem
606 1887 742 1947 dedimus
764 1887 840 1945 inter
856 1886 1087 1946 Hadrianalium
1110 1890 1215 1947 titulos
1239 1912 1267 1948 n.
1287 1892 1332 1950 10.
1378 1892 1457 1951 Nam
1480 1915 1546 1954 cum

214 1992 272 2051 sibi
295 1991 508 2067 persuasisset,
531 1991 679 2066 aquibus
703 1989 855 2048 sodalibus
877 1989 964 2047 divus
987 1991 1150 2066 imperator
1176 1993 1303 2069 quisque
1326 1995 1480 2070 coleretur,
1508 2017 1547 2056 ex

134 2132 137 2137 -
206 2082 325 2153 'eisdem
341 2093 495 2153 sodalibus
512 2093 661 2151 flaminem
678 2109 796 2168 quoque
811 2091 880 2169 eligi
903 2091 1044 2151 debuisse
1060 2127 1097 2135 —
1115 2093 1151 2150 de
1166 2113 1225 2170 qua
1238 2115 1270 2153 rc
1284 2095 1362 2154 infra
1378 2099 1492 2159 dicetur
1508 2134 1545 2145 -

214 2195 285 2255 inde
306 2195 386 2272 quod
412 2196 444 2253 in
464 2195 517 2254 illo
544 2194 631 2252 titulo
654 2193 767 2253 sodalis
788 2191 984 2252 Hadrianalis
1000 2197 1109 2269 flueren
1134 2196 1350 2257 Commodianus
1377 2203 1547 2280 appellatur

213 2296 322 2368 effecit,
345 2296 466 2356 sodales
488 2296 691 2356 Hadrianalcs
715 2295 775 2355 divi
797 2294 953 2356 Commodi
977 2315 1064 2355 sacra
1085 2299 1253 2371 curavisse3
1277 2302 1357 2376 quod
1381 2304 1405 2361 si
1428 2305 1471 2363 ita
1492 2316 1547 2378 est,

215 2398 278 2459 divi
299 2398 347 2457 Pii
369 2417 491 2476 quoque
513 2416 600 2457 sacra
628 2417 749 2458 curasse
771 2399 993 2458 Antoninianos
1017 2399 1197 2477 eosdemque
1220 2420 1285 2460 esse
1309 2414 1397 2480 atque
1420 2408 1546 2465 Antoni-

212 2502 321 2563 nianos
350 2501 572 2560 concedendum
601 2500 689 2574 est⁴).
739 2499 799 2560 Sed
828 2501 956 2576 primum
986 2521 1055 2559 num
1082 2512 1163 2560 recte
1190 2504 1259 2562 inde
1286 2508 1368 2580 ‹puod
1397 2508 1427 2565 in
1458 2509 1544 2567 titulo

215 2602 364 2663 Vaticano
385 2604 444 2662 duo
466 2602 519 2661 illa
542 2603 709 2662 sacerdotia
737 2601 939 2675 (sodalitatem
962 2602 1177 2662 Hadrianulem
1205 2615 1236 2663 et
1261 2606 1435 2666 flamonium
1458 2607 1545 2667 Corn-

215 2706 387 2766 modiunum
402 2705 484 2780 dico)
500 2705 658 2764 coniuncta
679 2705 871 2762 inveniuntur
891 2705 1091 2763 necessariam
1114 2725 1179 2764 cam
1195 2706 1290 2765 fnisse
1305 2709 1544 2770 coniunctionem

214 2806 347 2869 effecerit
361 2805 557 2884 Borghesius,
580 2805 667 2865 valde
689 2806 819 2864 dubitari
842 2816 953 2881 putest;
978 2807 1085 2866 rectius
1107 2808 1138 2866 ni
1161 2807 1250 2867 fallor
1269 2827 1335 2868 cum
1356 2811 1382 2869 is
1405 2813 1453 2870 cui
1476 2813 1546 2873 titu-

212 2912 261 2970 lus
284 2909 402 2986 positus
424 2919 470 2969 est
491 2917 521 2968 ct
542 2909 656 2968 sodalis
671 2908 867 2967 Hadrianalis
891 2919 920 2966 ct
938 2908 1046 2967 damon
1062 2907 1296 2970 Commodianus
1319 2913 1413 2973 fuisse
1435 2914 1545 2973 diserte

211 3013 412 3090 praedicetur,
445 3011 564 3071 diversa
596 3012 649 3069 illu
682 3010 851 3070 sacerdotia
879 3029 974 3086 neque
1005 3012 1182 3071 necessitate
1211 3013 1289 3072 inter
1322 3031 1354 3072 se
1387 3016 1546 3076 coniuncta

212 3115 305 3174 fuisse
328 3112 518 3173 iudicandum
547 3112 647 3189 erit-l).
690 3112 768 3171 Tum
796 3132 860 3171 earn
890 3113 1059 3189 opinionem
1087 3133 1175 3190 cluam
1204 3115 1262 3173 sibi
1285 3114 1472 3194 Borghesius
1500 3121 1545 3178 in·
1578 3102 1582 3111 ¹

211 3216 353 3278 formavit
371 3216 408 3274 de
430 3216 546 3273 ratione
562 3233 640 3291 quae
661 3215 860 3274 intercesserit
881 3214 960 3272 inter
982 3215 1101 3274 sodales
1117 3228 1145 3275 et
1166 3217 1301 3276 flamines
1317 3218 1463 3292 divorum,
1485 3239 1546 3295 qua

213 3320 354 3399 opinione
382 3324 445 3376 tota
474 3319 538 3376 eius
566 3317 753 3375 ratiocinatio
780 3316 892 3387 nititur,
921 3318 1105 3392 argumentis
1132 3338 1191 3376 non
1219 3336 1286 3377 esse
1316 3320 1463 3379 firmatam
1486 3323 1545 3382 iam

211 3419 468 3499 Marquardtius⁶)
490 3419 566 3477 dixit
580 3418 718 3495 idemque
741 3418 819 3477 infru
835 3420 1001 3477 accuratius
1019 3419 1280 3479 demonstrabitur.
1324 3423 1450 3483 Accedit
1464 3424 1544 3500 quod

212 3523 399 3604 Borghesius
422 3541 481 3580 non
503 3521 605 3580 omnia
627 3523 813 3580 enumcrarit
835 3542 912 3598 quae
935 3522 1098 3581 sententiae
1114 3541 1203 3600 quam
1226 3533 1347 3583 secutus
1370 3534 1417 3584 cst
1438 3545 1544 3604 repug-

211 3634 331 3686 narent:
359 3644 449 3684 unum
477 3622 594 3682 titulum
623 3624 746 3700 protulit
771 3625 802 3683 in
829 3644 889 3700 quo
917 3626 1009 3682 verba
1036 3641 1164 3684 sonatis
1187 3642 1391 3686 ununrnuntrs
1414 3644 1543 3689 sonatis

211 3742 450 3789 nmouturnuvs
471 3726 619 3804 legantur,
648 3727 691 3784 itu
713 3735 745 3784 ut
767 3728 802 3784 de
825 3726 940 3784 duabus
963 3727 1089 3785 diversis
1117 3727 1324 3787 sodalitatibus
1353 3730 1543 3805 cogitandum

290 3967 315 4035 ¹)
353 3970 383 4022 C.
399 3970 414 4017 'l
433 3966 469 4018 Et
488 3965 625 4017 laudor-ere
645 3973 746 4032 uterque
766 3965 881 4026 (Marcus
896 3973 921 4014 ct
935 3966 1029 4027 Verus)
1044 3982 1096 4032 pro
1116 3967 1207 4015 rostris
1224 3974 1321 4033 putrent
1337 4003 1343 4017 .
1358 4003 1365 4017 .
1380 4003 1387 4017 .
1401 3975 1424 4018 ct
1443 3967 1543 4018 sodales

211 4079 244 4115 ct
262 4062 421 4113 amicissimis
435 4096 440 4110 .
456 4098 462 4111 .
478 4097 484 4110 .
498 4075 622 4109 creauere.

290 4153 315 4217 ²)
353 4156 384 4206 L.
398 4155 415 4204 l.
428 4170 454 4218 p.
470 4154 532 4203 397.

290 4243 315 4309 ¹)
355 4246 395 4297 Cf.
416 4260 493 4310 supra
511 4245 684 4294 Hadriunalcs
704 4260 728 4292 n.
744 4245 769 4293 3.

288 4336 314 4400 ⁴)
351 4338 413 4403 Ipsa
435 4338 571 4402 Borghesii
596 4338 676 4386 rerba
695 4351 823 4402 apponam
844 4335 920 4395 (mern.
940 4329 1001 4385 dell·
1023 4336 1080 4385 inst.
1106 4337 1173 4387 1832
1193 4354 1218 4403 p.
1234 4337 1402 4401 soa=0pp
1423 4337 1448 4397 3,
1464 4336 1542 4397 402):

211 4429 247 4483 Se
269 4427 344 4498 quest*
373 4432 459 4496 iqrroto
483 4445 529 4479 cra
552 4428 640 4479 scitale
665 4428 809 4478 Adrr'unule
833 4428 865 4478 ed
890 4430 988 4478 trrnr'erne
1005 4427 1110 4494 flumine
1138 4428 1320 4487 Connrodicno,
1341 4427 1379 4478 cid
1399 4428 1461 4478 vuol
1478 4427 1542 4489 (lire,

209 4522 256 4574 cde
275 4524 333 4590 quei
350 4522 436 4573 sodali
454 4537 530 4571 erano
551 4521 648 4571 adderet
664 4523 693 4571 ul
712 4522 778 4571 culto
798 4519 876 4571 urrcdc
896 4520 925 4569 di
946 4518 1084 4581 t'unrnrodu,
1106 4521 1126 4569 il
1144 4518 1188 4570 cde
1207 4517 1220 4569 ὲ
1240 4518 1391 4587 r'nrpoasibile
1410 4520 1439 4569 di
1456 4535 1542 4571 corree-

204 4617 275 4683 pt'rc,
296 4630 321 4664 se
340 4632 388 4665 riou
408 4613 568 4681 supponendo
588 4612 632 4664 cde
650 4615 690 4680 pli
709 4613 850 4664 Adrr'unuir'
861 4613 963 4678 fitsscro
981 4613 1021 4678 pn·
1040 4620 1111 4661 stessi
1131 4610 1175 4661 elic
1193 4613 1233 4678 pu·
1252 4611 1426 4661 Antoniniani.

289 4704 314 4769 ⁵)
353 4708 463 4756 Videtur
482 4716 567 4757 autem
586 4708 608 4756 is
628 4707 668 4755 cni
688 4707 776 4756 titulus
795 4708 937 4756 Vaticanus
957 4707 1056 4770 positus
1076 4712 1113 4753 est
1132 4706 1243 4769 primum
1263 4704 1356 4755 ttamen
1377 4704 1543 4755 Commodia-

211 4814 269 4860 nus,
290 4805 343 4849 turn
364 4800 467 4849 demum
486 4799 583 4848 sodalis
598 4799 764 4849 lladrisnalis
783 4800 867 4850 taetus
887 4810 954 4859 esse3
975 4812 1034 4846 nam
1054 4814 1110 4846 eum
1129 4797 1240 4847 honores
1259 4797 1297 4847 itu
1316 4798 1496 4859 enumerentur
1515 4804 1543 4846 ut

211 4893 256 4957 qui
274 4893 351 4958 primi
371 4893 481 4957 suseepti
500 4892 552 4941 sint
571 4892 660 4941 ultimo
679 4893 737 4941 lucc
757 4898 886 4957 ponantur
906 4891 985 4950 (certe
1005 4890 1192 4953 vigintiviratus
1212 4888 1255 4953 qui
1273 4888 1371 4953 primus
1390 4889 1541 4954 capesseba-
1583 4934 1588 4947 ‚

209 4992 252 5034 tur
274 4984 391 5035 ultimum
415 4986 500 5035 locum
526 4983 613 5044 tenet),
639 4985 666 5033 in
686 4986 836 5035 sacerdotiis
862 4983 1042 5033 enumerandis
1068 4981 1177 5031 carrdcm
1200 4982 1327 5033 rationem
1351 4981 1462 5031 valuisse
1488 4981 1542 5029 reri
1582 5016 1588 5025 .

211 5076 298 5127 simile
316 5084 362 5126 est.

288 5166 315 5233 ⁶)
353 5166 457 5218 Huudd.
477 5170 502 5229 4,
518 5168 571 5218 432
591 5184 617 5218 n.
632 5170 714 5220 2971.
