3510 5812
396 486 563 537 sinuosa
591 483 881 535 macerationum
907 483 992 534 rom
1020 482 1177 534 nonnus
1377 463 1422 532 27
1430 464 1451 533 5

123 660 358 719 24:906b-
376 661 412 717 Α.
439 658 537 718 18351
574 658 787 735 Fragmentum
815 674 1013 715 marmoreum
1046 667 1195 734 repertum
1218 657 1259 715 ibi
1283 659 1333 715 ubi
1356 678 1384 715 n.
1401 656 1451 716 23.

165 764 257 821 fertur
279 774 381 821 extare
403 761 440 819 ad
463 769 483 819 t.
508 758 638 828 Saturni,
660 758 709 816 ubi
733 776 792 817 non
813 759 925 817 inveni.

723 894 850 937 oman
928 898 979 951 ops

758 997 853 1038 mvn
928 999 979 1054 ops

121 1162 311 1223 25:9060.
329 1197 365 1207 -
384 1164 422 1220 A.
448 1161 538 1219 1818.
575 1160 687 1236 lugens
710 1159 909 1233 fragmentum
932 1177 1131 1216 marmoreum
1164 1159 1245 1233 quod
1282 1178 1361 1217 nuuc
1392 1161 1450 1218 ser-

162 1275 209 1324 tur
231 1267 328 1322 iacere
347 1263 384 1321 ad
407 1274 427 1321 t.
444 1260 577 1331 Saturni,
600 1261 650 1317 ubi
672 1280 730 1317 non
753 1261 863 1318 inveni.
897 1256 948 1318 ‘mi
977 1261 1008 1318 ia
1034 1270 1202 1335 sospettare
1223 1261 1396 1321 l'esistenza
1418 1262 1448 1319 di

162 1367 289 1443 qualche
314 1365 425 1441 grande
454 1365 570 1422 edifizio
599 1362 694 1420 dietro
721 1381 740 1419 a
765 1372 868 1437 queste
896 1361 954 1420 due
981 1362 1107 1421 colonue
1134 1380 1221 1420 verso
1251 1364 1280 1421 la
1302 1361 1449 1422 Consola-

161 1463 257 1526 zione’
284 1468 369 1542 (dicit
397 1467 550 1524 columnas
578 1464 726 1539 basesque
752 1465 904 1522 latericias
933 1466 970 1522 ad
1001 1460 1093 1521 ‘viam
1122 1460 1250 1523 saoram’
1279 1484 1372 1542 prope
1398 1486 1449 1525 oo-

160 1571 295 1628 lumnam
317 1568 417 1626 Fooae
443 1576 504 1624 tum
528 1566 672 1640 detectas)
699 1561 732 1622 ‘il
760 1566 937 1624 frammento
965 1566 995 1623 di
1022 1586 1081 1624 uua
1102 1567 1213 1642 grande
1238 1568 1395 1626 iscrizione
1417 1568 1448 1625 in

161 1691 275 1731 marmo
297 1672 337 1728 ivi
360 1671 503 1728 ritrovato
525 1669 610 1745 largo
633 1668 712 1726 eirca
734 1668 751 1724 3
775 1668 865 1743 palmi
893 1669 924 1725 in
946 1669 1016 1747 ogni
1038 1687 1125 1727 verso
1148 1689 1164 1726 e
1186 1671 1357 1729 altrettauto
1380 1687 1449 1745 pro·

160 1773 252 1832 fondo
280 1792 335 1832 con
364 1773 467 1831 lettere
496 1771 582 1846 quasi
605 1769 751 1846 quadrata
778 1769 807 1826 di
830 1771 939 1840 bunna,
963 1790 1011 1827 nra
1033 1790 1091 1829 uon
1114 1771 1191 1830 della
1213 1771 1332 1848 miglior
1353 1772 1449 1829 forma

161 1877 294 1934 rioaaata
327 1874 407 1932 nella
438 1874 535 1950 pietra
568 1891 658 1930 senza
685 1867 884 1930 metallo...’
916 1871 980 1930 Fea
1006 1872 1129 1931 Varietit
1153 1873 1182 1929 di
1209 1873 1319 1931 notizie
1346 1892 1375 1949 p.
1393 1872 1446 1931 72:

159 1978 236 2036 idem
258 1994 415 2037 mensuras
436 1975 602 2034 litterarum
624 1973 746 2033 addidit.
790 1980 896 2050 postea
917 1973 1013 2032 deser.
1034 1973 1230 2032 Kellermanu
1251 1975 1330 2032 Bull.
1356 1975 1446 2044 1835,

159 2080 198 2138 35
221 2091 250 2140 et
273 2079 407 2150 Romen,
431 2095 519 2154 quem
542 2095 661 2152 sequor,
683 2075 825 2150 quoniam
847 2076 1014 2135 describere
1035 2094 1094 2135 nou
1117 2077 1209 2153 potui.

274 2219 280 2311 J
612 2196 636 2253 F
639 2215 684 2266 ea,
707 2215 772 2254 uno.
867 2195 1014 2254 Kellerm.
1038 2216 1103 2254 nuc.
1147 2194 1283 2267 Honzen,
1305 2205 1389 2254 metr.

228 2320 311 2374 Q.V¹
332 2331 340 2347 ·
365 2318 410 2358 ru
718 2299 736 2356 9
940 2298 1000 2376 ¹⁰l
1224 2299 1295 2370 0,19

272 2420 412 2462 rvnru
619 2356 687 2422 2>
721 2396 761 2480 7}
961 2399 1000 2478 8}
1223 2400 1294 2471 0,16

267 2499 444 2565 ‹vssv‘u
619 2457 687 2522 2>
719 2504 737 2559 a
959 2502 1000 2579 sp
1222 2501 1294 2573 ono

270 2623 395 2666 rnen
620 2560 687 2622 ²>
720 2605 760 2682 sp
959 2604 999 2682 a}
1222 2604 1294 2675 one

607 2688 806 2786 Μὴ
819 2732 855 2757 -·
870 2727 908 2764 m.
931 2706 1001 2776 0‚73

155 2833 268 2891 litteras
301 2851 319 2889 a
351 2838 435 2908 parte
464 2831 587 2888 sinistra
619 2828 770 2885 fracturae
798 2827 929 2903 integras
959 2825 1068 2885 dedere
1096 2825 1120 2884 F
1123 2846 1159 2885 ea
1190 2837 1221 2885 et
1247 2828 1443 2889 Kellermaun

154 2934 228 3008 (nisi
250 2933 332 3009 quod
360 2933 407 2990 hio
429 2950 448 2989 n
471 2943 540 2990 tune
563 2931 614 2988 vix
637 2930 758 3006 agnosci
789 2939 915 2988 testatus
938 2929 1014 3003 est);
1041 2929 1104 2986 v.3
1128 2929 1261 2989 ultimam
1284 2949 1310 2989 n
1332 2932 1445 2990 iaciunt

153 3037 349 3095 Kellermann
373 3031 501 3109 (potius
524 3052 549 3091 n
571 3053 659 3109 quam
682 3027 735 3107 n')
758 3041 787 3089 et
803 3030 937 3100 Romen,
960 3048 981 3088 Ν
1004 3031 1075 3089 Fea.
1092 3065 1131 3075 —
1148 3030 1444 3092 ConiunxitKeller-

155 3157 245 3197 mann
267 3157 333 3195 eum
357 3157 385 3194 u.
402 3136 451 3195 26.
475 3155 501 3193 v.
526 3134 639 3193 Comm.
663 3135 680 3190 1.
699 3153 723 3191 c.
741 3168 778 3176 —
797 3133 846 3191 26.
870 3133 907 3191 2'l
933 3133 970 3190 ad
993 3133 1136 3191 basilicae
1157 3133 1251 3191 Iuliae
1274 3135 1444 3212 inscriptio-

154 3259 221 3299 nem
243 3240 392 3315 pertinere
414 3237 523 3295 iniuria
544 3245 695 3312 putantur.
739 3235 777 3293 cl.
800 3255 828 3293 n.
846 3236 894 3294 27.

113 3413 417 3475 26:1269.—A.
444 3412 533 3470 1835.
568 3408 693 3486 ‘Ingens
730 3409 839 3468 saxum*
864 3429 1061 3468 marmoreum
1094 3411 1228 3488 epistylii
1264 3421 1296 3470 ut
1326 3413 1443 3472 videtur

152 3517 259 3575 litteris
288 3515 459 3591 permagnis
486 3533 548 3590 rep.
572 3533 598 3570 a.
625 3512 702 3571 1835
730 3512 768 3569 ad
794 3512 892 3570 forum
923 3513 952 3569 iu
982 3512 1107 3571 basilica
1134 3509 1224 3572 Iulia'
1246 3513 1441 3574 Kellermann

151 3620 231 3678 Bull.
256 3605 333 3677 1835
363 3637 392 3692 p.
414 3617 462 3675 35.
506 3626 589 3673 extat
617 3634 710 3692 prope
738 3615 906 3672 columnam
937 3614 1046 3674 Fooae.
1090 3616 1210 3693 longum
1240 3626 1286 3675 est
1314 3616 1439 3690 m.2,43

152 3721 319 3796 (dimensus
341 3728 388 3777 est
409 3716 575 3795 Droysen).
620 3716 675 3774 suit
696 3717 797 3773 aeneis
819 3717 927 3773 litteris
950 3736 1026 3776 nuno
1049 3717 1185 3776 sublatis.

430 3867 876 4075 ὃ-ε-Ε411.Τ-Ἰ-Ξ-’ὲθ-Ρ-ν-ῑ.
893 3873 978 4145 visque
1003 4038 1107 4070 romanas

150 4154 384 4212 Kellermannus
412 4155 431 4211 l.
455 4174 495 4212 a:
529 4149 571 4212 ‘di
601 4166 706 4228 questa
734 4153 857 4210 basilica
885 4171 944 4208 non
974 4150 1012 4206 ira
1041 4151 1126 4227 gnari
1156 4154 1182 4206 si
1212 4153 1228 4209 ὸ
1255 4160 1372 4211 trovato
1401 4174 1440 4212 un

151 4266 254 4313 tronoo
277 4256 305 4312 di
329 4273 442 4312 marmo
466 4255 558 4333 lungo
582 4256 673 4331 palmi
700 4257 737 4313 10
764 4256 849 4313 oneie
877 4256 894 4313 5
918 4260 1131 4329 appar-tenente
1158 4248 1207 4310 all'
1230 4254 1397 4314 architrave
1423 4277 1440 4314 e

150 4358 366 4434 precisamente
388 4375 407 4413 a
421 4359 521 4432 quella
543 4365 627 4432 parte
649 4357 697 4415 del
712 4357 874 4416 medesimo
896 4357 951 4413 che
973 4363 1137 4413 contenere
1158 4354 1179 4412 il
1201 4357 1350 4432 principio
1368 4357 1438 4416 dell’

149 4459 307 4517 iscrizione
335 4458 493 4534 soolpitavi
522 4460 585 4516 cosi
613 4459 794 4517 rilevandosi
824 4459 904 4516 dalla
931 4457 1135 4533 disposizione
1165 4457 1244 4533 degli
1271 4461 1439 4518 ornamenti

151 4559 367 4619 architettonici
395 4579 477 4618 oonre
504 4561 582 4618 dalle
610 4561 713 4620 lettera
741 4572 837 4620 stesso
860 4560 1013 4636 iutagliata
1040 4558 1086 4617 uel
1110 4578 1234 4631 marmo‚
1256 4560 1334 4620 delle
1357 4562 1439 4637 quali

149 4662 222 4739 peri)
245 4664 275 4720 in
295 4671 402 4737 questo
425 4673 529 4720 tronoo
552 4682 611 4720 nou
634 4680 709 4721 souo
725 4671 884 4722 coutenute
907 4663 960 4720 che
982 4663 1011 4719 le
1032 4661 1110 4737 parti
1134 4662 1291 4736 superiori,
1314 4663 1335 4722 il
1356 4676 1438 4724 resto

151 4764 278 4822 essendo
305 4772 383 4822 stato
411 4763 538 4836 soolpito
565 4765 595 4822 in
619 4784 658 4823 un
679 4766 757 4823 altro
780 4771 893 4835 trunco,
920 4765 940 4821 il
962 4764 1051 4839 qualo
1074 4783 1132 4821 non
1160 4764 1187 4821 si
1209 4765 1225 4821 ὲ
1247 4774 1363 4824 trovato
1385 4786 1438 4826 an·

148 4885 227 4925 cora.
271 4864 453 4924 l’isorizione
476 4866 596 4943 dunque
619 4887 678 4925 non
695 4868 760 4926 dice
783 4869 861 4924 altro
885 4867 938 4924 ohe
955 4909 962 4922 .
980 4910 986 4923 .
1004 4909 1010 4922 .
1027 4867 1056 4923 le
1077 4866 1180 4923 lettere
1203 4883 1277 4925 sono
1300 4868 1436 4926 incavate

148 4967 229 5026 uella
249 4969 347 5044 pietra
372 4987 426 5044 per
453 4977 594 5027 conteuer
619 4970 646 5028 le
672 4970 746 5028 aifre
773 4970 803 5026 di
831 4968 953 5027 metallo
981 4967 1035 5025 ohe
1058 4971 1256 5026 anticameute
1279 4970 1307 5027 vi
1330 4971 1435 5028 turono

147 5065 271 5128 alfisse'.
315 5070 399 5127 addit
419 5071 534 5128 litteras
557 5089 579 5128 u
602 5081 674 5129 etv
695 5071 734 5128 ad
755 5072 900 5129 amussim
927 5088 1056 5147 aequare
1078 5087 1248 5129 mensuram
1270 5071 1434 5132 litterarum

144 5171 304 5248 fragmenti
326 5189 417 5247 supra
439 5172 524 5229 relati
548 5192 576 5230 u.
594 5172 643 5241 25,
666 5173 735 5230 item
759 5191 891 5232 marmor
913 5189 979 5230 esse
1002 5172 1121 5248 generis
1145 5173 1287 5233 eiusdem.
