3510 5812
251 1713 530 1828 SYLLOGE
555 1715 1050 1829 INSGRIPTIONVM
1073 1714 1220 1829 sulti
1245 1714 1504 1828 ROMANI.

745 1885 786 1961 (v.
809 1885 929 1945 Tabula
950 1885 998 1960 1¹)

212 2080 382 2248 Syllogen
403 2173 633 2250 inscriptionum
653 2173 859 2246 Urbanorum,
888 2175 973 2232 cuius
996 2173 1135 2231 volumen
1162 2173 1289 2250 primum
1310 2191 1387 2232 nunc
1416 2173 1537 2248 prodiit,

209 2290 269 2330 non
291 2274 427 2349 potuisse
449 2293 509 2333 uon
531 2276 573 2334 eis
595 2275 713 2352 legibus
735 2294 850 2353 parere,
872 2295 948 2352 quae
971 2277 1064 2334 totius
1085 2273 1229 2351 Corporis
1250 2276 1346 2351 copiis
1369 2274 1537 2352 digerendis

210 2376 362 2451 sapienter
383 2377 480 2436 diotae
502 2387 581 2448 sunt,
603 2379 660 2436 hoc
682 2388 728 2435 est
749 2387 782 2435 ut
803 2379 834 2436 in
855 2387 956 2454 partes
979 2396 1130 2436 sacrarum
1153 2377 1338 2454 publicarum
1354 2378 1538 2453 privatarum

209 2476 450 2548 discriberentur,
476 2479 608 2537 omnium
636 2497 785 2538 consensu
812 2479 902 2538 facile
932 2480 1149 2555 comprobetur.
1193 2480 1284 2537 nihilo
1315 2490 1414 2537 tamen
1441 2479 1538 2536 minus

209 2596 247 2636 aa
272 2588 319 2637 est
345 2580 433 2638 huius
460 2581 634 2655 provinciae
662 2580 798 2639 condicio
826 2599 844 2638 a
872 2590 1036 2639 ceterarum
1059 2581 1111 2638 illa
1133 2580 1214 2639 haud
1236 2580 1345 2657 exiguo
1367 2580 1538 2639 discrimine

210 2680 339 2754 diversa,
366 2693 399 2739 ut
420 2700 509 2760 aegre
531 2700 685 2740 careamus
707 2682 840 2741 locorum
863 2682 1057 2758 discriptione
1084 2682 1135 2740 ubi
1162 2690 1215 2740 aut
1236 2681 1373 2757 primitus
1396 2682 1465 2740 illae
1488 2701 1538 2739 ex·

208 2782 322 2840 titerint
348 2793 400 2842 aut
426 2796 562 2860 repertae
589 2786 658 2843 sint.
702 2785 748 2843 cui
777 2784 924 2842 desiderio
951 2784 1020 2842 licet
1051 2784 1152 2860 aliqua
1182 2802 1221 2841 ex
1252 2792 1338 2859 parte
1370 2784 1445 2842 satis
1475 2783 1540 2841 fieri

208 2900 299 2958 posse
320 2884 424 2943 addito
447 2884 543 2944 indice
565 2887 782 2963 topographico
805 2906 863 2944 nou
886 2886 1057 2963 negaverim
1074 2884 1159 2942 -id
1179 2884 1259 2961 quod
1279 2885 1368 2943 audio
1388 2886 1418 2942 in
1438 2886 1538 2943 animo

209 3002 277 3044 esse
298 2985 342 3044 eis
365 2987 473 3061 quibus
495 2987 674 3064 profligandi
695 2989 794 3063 operis
813 3007 885 3046 cura
900 2987 1078 3046 demandata
1099 2997 1146 3045 est
1160 3019 1199 3029 —
1216 2995 1315 3045 tamen
1337 2986 1390 3046 tali
1413 2987 1539 3045 consilio

209 3105 306 3164 neque
336 3105 474 3163 umquam
504 3108 551 3148 ma
577 3088 674 3148 iudice
700 3090 774 3148 satis
801 3090 955 3148 commode
989 3089 1204 3166 topographiae
1230 3089 1338 3148 studiis
1370 3089 1539 3148 consultum

209 3190 266 3247 erit
292 3207 389 3264 neque
410 3208 482 3248 rero
509 3191 616 3249 horum
644 3191 811 3250 studiorum
837 3210 914 3267 quae
942 3192 1061 3267 quidem
1084 3210 1163 3249 nunc
1187 3200 1234 3249 est
1255 3190 1432 3249 acceleratio
1455 3209 1538 3265 spem

210 3308 266 3349 nos
289 3291 401 3366 patitur
422 3292 564 3350 incohare
586 3291 717 3370 longam,
739 3292 809 3350 dum
826 3302 924 3351 cetera
945 3293 1078 3370 sylloges
1092 3293 1244 3350 volumina
1266 3293 1402 3369 quamvis
1424 3293 1540 3352 intenta

210 3411 303 3468 opera
329 3411 382 3469 per
407 3412 503 3452 annos
529 3412 590 3452 non
616 3412 729 3471 paucos
757 3394 842 3470 prela
868 3396 1200 3510 exercebunpfquare
1231 3412 1319 3469 spero
1350 3394 1414 3452 fore
1442 3405 1475 3453 ut
1503 3397 1539 3466 si,

211 3511 301 3569 quam
317 3495 389 3553 mibi
411 3495 470 3570 ipsi
493 3504 633 3571 tanquam
649 3496 848 3555 necessarium
869 3497 1084 3574 topographrae
1105 3496 1163 3553 sori
1177 3497 1291 3554 romani
1313 3495 1540 3556 fundamentum

212 3595 309 3653 struxi
337 3595 502 3654 Srrtoosrt
530 3596 781 3656 lnscrrrrrortvrr
807 3597 884 3657 Foru
912 3598 1059 3667 Romam,
1086 3617 1165 3656 nunc
1189 3598 1301 3675 publici
1330 3599 1403 3658 iuris
1429 3599 1540 3671 fecero,

211 3716 248 3756 ea
272 3698 362 3756 etiam
390 3697 516 3756 aliorum
544 3699 651 3758 studiis
678 3699 797 3758 interim
815 3731 856 3741 —
872 3718 939 3757 nam
968 3700 1146 3774 particulam
1176 3700 1306 3774 aliquam
1333 3701 1433 3776 operis
1460 3710 1541 3777 post·

211 3799 300 3857 modo
328 3799 490 3874 ampliandi
519 3801 705 3858 tractavi-
728 3800 886 3876 profutura
908 3801 957 3858 sit.
1001 3801 1054 3859 sed
1075 3801 1112 3858 de
1134 3801 1260 3859 consilio
1282 3820 1347 3859 meo
1370 3802 1541 3876 quibusque

210 3917 268 3977 ego
290 3900 468 3959 adiumentis
489 3902 653 3961 instructus
675 3902 784 3960 fuerim
807 3902 913 3976 paucis
936 3901 1048 3975 accipe.

294 4001 418 4062 Ultimis
445 4005 557 4063 mensis
585 4003 655 4062 Maii
682 4003 846 4080 primisque
872 4002 950 4060 lunii
977 4002 1066 4060 huius
1094 4023 1121 4061 a.
1140 4003 1218 4062 1876
1247 4004 1352 4062 diebus
1373 4003 1489 4061 Romae
1511 4004 1541 4061 in

210 4104 279 4180 ipso
310 4104 377 4162 foro
409 4105 460 4180 qui
493 4115 553 4163 tum
589 4106 732 4164 extabant
763 4105 865 4163 titulos
898 4122 1002 4162 omnes
1033 4105 1189 4182 descripsi
1234 4105 1311 4162 idem
1337 4106 1448 4163 fecerat
1473 4112 1542 4163 ante

211 4224 259 4264 me
286 4204 333 4263 dd.
359 4205 489 4265 19—26
513 4195 625 4265 m'ensis
647 4207 828 4265 Novembris
853 4226 880 4264 a.
906 4206 984 4266 1875
1007 4206 1157 4265 lohannes
1179 4205 1322 4282 Droysen
1347 4226 1431 4266 meus
1459 4208 1543 4265 cuius

211 4307 387 4384 apographa
407 4316 566 4384 postquam
582 4327 649 4366 cum
664 4310 737 4367 meis
760 4309 883 4379 contuli,
905 4326 972 4368 cum
988 4308 1097 4367 multos
1119 4308 1235 4385 lapides
1256 4309 1375 4367 intcrim
1399 4309 1542 4366 aliorsum

211 4408 330 4467 ablatos
358 4426 424 4467 esse
450 4410 678 4485 cognovissem,
705 4411 865 4486 plerosque
892 4419 991 4469 autem
1020 4411 1049 4468 in
1073 4429 1182 4469 novum
1204 4410 1341 4468 Museum
1364 4411 1543 4487 lapidariam

212 4507 341 4586 Collegii
364 4510 492 4568 Romani
514 4511 577 4585 (vel
592 4512 689 4569 Musei
705 4511 910 4586 Kircheriani)
933 4512 1079 4588 migrasse
1101 4511 1244 4581 audirem,
1267 4509 1350 4569 Guil.
1366 4511 1543 4569 Henzenum

211 4613 350 4688 precibus
373 4610 444 4682 adii,
466 4621 580 4671 utnon
603 4613 700 4671 solum
722 4618 774 4688 qui
797 4613 885 4671 etiam
908 4624 970 4671 tum
992 4614 1022 4671 in
1044 4612 1110 4670 foro
1130 4621 1270 4670 extarent
1291 4613 1406 4688 lapides
1430 4632 1543 4670 mecum

211 4714 359 4791 relegeret
384 4733 488 4772 verum
515 4714 604 4773 etiam
631 4733 708 4789 quae
736 4715 777 4773 ibi
805 4734 864 4772 non
895 4723 1103 4790 comparerent
1129 4715 1160 4772 in
1185 4714 1302 4772 horreis
1329 4714 1426 4772 Musei
1453 4715 1543 4786 illius,

292 5003 317 5071 ¹)
354 5005 477 5055 Formam
502 5005 553 5054 lori
577 5003 679 5054 romani
704 5005 769 5054 scito
789 5019 829 5053 me
853 5005 936 5069 ipsum
957 5003 1102 5053 delineasse
1120 5003 1153 5052 ad
1173 5003 1352 5054 illustrandam
1371 5001 1439 5052 banc
1457 5001 1546 5066 Syllo.

213 5110 271 5161 gan,
305 5112 358 5148 nou
387 5113 439 5163 quo
469 5097 608 5161 imaginem
636 5097 802 5160 reliquiarum
830 5096 880 5145 lori
913 5096 1054 5161 perlectam
1078 5104 1104 5145 et
1131 5095 1165 5145 sd
1194 5097 1256 5146 artis
1279 5109 1397 5147 normam
1427 5101 1544 5144 exactam

212 5188 324 5239 ederem.

1305 5274 1340 5335 17
