3510 5812
665 511 848 561 1611661.
879 510 1105 560 6111611111.
1505 493 1551 561 99

303 680 373 739 Duo
402 681 467 739 sola
498 683 686 740 sacerdotum
713 682 842 760 collegia
868 684 1002 741 coloniae
1032 683 1103 740 (1616
1130 700 1197 741 esse
1225 690 1258 740 ut
1285 690 1373 740 antea
1400 685 1458 742 iam
1485 697 1703 760 per-Pontifices,

218 801 425 860 spexeramus,
448 784 491 841 ita
513 803 591 842 nunc
612 785 723 844 diserte
745 786 939 844 confirmatur
961 785 1037 862 legis
1060 804 1085 842 c.
1102 784 1151 842 66.
1190 782 1271 857 Quot
1292 784 1352 842 loci
1374 785 1404 843 in
1424 798 1551 862 utroque
1571 795 1680 844 augures

219 885 348 962 collegio
370 887 534 944 secuudum
560 887 802 963 antiquissimam
818 887 996 965 populorum
1012 886 1189 945 Latinorum
1205 886 1419 945 ordinationem
1435 887 1552 960 luerint,

219 987 316 1046 adhuc
331 1007 436 1063 parum
452 989 625 1060 constabat;
648 989 705 1046 iam
722 1009 794 1048 vero
809 1009 847 1047 ex
863 991 918 1048 hac
934 990 1000 1065 lege
1021 1008 1046 1046 c.
1064 989 1101 1048 67
1117 1014 1153 1038 =
1170 991 1218 1059 11,
1237 988 1273 1046 16
1290 1007 1351 1064 seq.
1369 989 1552 1065 intellegitur

218 1098 320 1149 ternos
342 1091 373 1149 in
397 1098 523 1167 utroque
545 1092 674 1170 collegia
695 1092 866 1150 sacerdotes
889 1093 991 1164 fuisse,
1014 1091 1103 1168 idque
1124 1093 1214 1149 etiam
1236 1110 1301 1148 cum
1324 1091 1467 1149 institutis
1489 1092 1551 1150 Ro-

218 1193 316 1251 manis
339 1202 417 1250 recte
441 1193 623 1252 conciliatur.
667 1192 745 1252 Nam
769 1193 806 1250 ad
829 1195 985 1269 pontifices
1004 1194 1083 1270 quod
1107 1193 1221 1265 attinet,
1245 1211 1335 1251 senos
1358 1193 1476 1268 quidem
1495 1195 1551 1251 sub

216 1295 337 1370 regibus
358 1295 452 1353 fuisse
475 1293 583 1354 Cicero
605 1296 697 1354 tradit
720 1296 771 1371 (de
794 1317 824 1354 re
848 1317 877 1372 p.
895 1295 923 1365 2,
942 1297 989 1367 14,
1007 1295 1062 1366 26;
1091 1296 1128 1353 61.
1154 1294 1333 1353 Stautareclrt
1355 1293 1382 1364 2,
1400 1295 1438 1352 20
1462 1317 1489 1354 n.
1509 1297 1551 1371 1),

216 1415 276 1473 quo
303 1416 426 1455 numero
454 1399 523 1456 item
555 1398 709 1473 pontifices
732 1399 822 1456 creati
847 1409 917 1456 sunt
942 1398 972 1455 in
995 1398 1144 1455 coloniam
1167 1396 1303 1475 Capuam
1328 1395 1449 1472 (Cic-ero
1471 1398 1508 1455 de
1531 1399 1550 1455 l.

218 1516 280 1575 agr.
304 1498 333 1572 2,
350 1500 399 1571 35,
416 1499 485 1574 96);
509 1500 562 1558 sed
585 1520 652 1558 eum
675 1520 829 1559 numerum
844 1501 957 1577 pariter
979 1510 1068 1576 atque
1093 1501 1277 1558 tribunorum
1293 1500 1419 1557 militum
1442 1509 1472 1557 et
1494 1501 1551 1558 vir-

216 1601 319 1677 ginum
342 1599 510 1660 Vestalium
533 1603 706 1678 similesque
729 1623 765 1661 ex
789 1603 999 1679 antiquissima
1021 1603 1225 1678 duplicatione
1248 1602 1427 1660 descendere
1450 1621 1485 1659 eo
1507 1603 1550 1661 fa-

216 1703 305 1761 cilius
328 1703 530 1776 admittemus,
559 1705 638 1781 quod
661 1706 827 1764 scriba-rum
849 1706 1023 1782 pontificum
1046 1705 1108 1763 sire
1131 1705 1305 1781 pontificum
1329 1705 1476 1762 minorum
1499 1724 1550 1761 nu·

217 1823 315 1864 merus
337 1814 445 1882 postea
460 1825 579 1883 quoque
602 1809 749 1866 ternarius
766 1807 883 1865 videtur
899 1807 993 1865 fuisse
1013 1804 1136 1881 (Cicero
1153 1807 1189 1864 de
1204 1808 1324 1883 harusp.
1342 1824 1422 1882 resp.
1441 1807 1469 1877 6,
1488 1806 1549 1882 12).

216 1903 359 1967 Similiter
381 1910 417 1967 de
437 1910 601 1985 auguribus
618 1908 807 1968 statuendum
823 1916 878 1978 est,
902 1927 976 1984 quos
1000 1916 1068 1966 ante
1083 1908 1178 1985 legem
1194 1908 1354 1983 Ogulnium
1378 1926 1433 1966 sex
1455 1909 1549 1967 fuisse

216 2010 292 2069 satis
315 2019 433 2071 constat
454 2010 576 2087 (Cicero
595 2012 614 2070 l.
631 2031 673 2082 c.;
696 2012 763 2070 Liv.
783 2013 829 2081 10,
846 2011 889 2086 6),
912 2029 978 2069 cum
994 2011 1031 2068 ad
1047 2030 1113 2068 eum
1132 2029 1287 2068 numerum
1311 2011 1461 2086 quomodo
1484 2029 1549 2087 per·

215 2119 336 2171 rentum
353 2113 392 2172 sit
407 2126 544 2173 auctores
559 2115 641 2172 varie
657 2113 785 2172 tradant.
810 2112 924 2171 Decem
939 2131 1066 2189 augures
1083 2112 1161 2189 quod
1177 2113 1268 2170 creati
1285 2121 1355 2170 sunt
1370 2114 1400 2170 in
1413 2111 1548 2189 Capuam

215 2214 363 2273 coloniam
386 2213 505 2289 (Cicero
521 2217 557 2274 de
572 2216 592 2274 l.
609 2234 670 2292 agr.
687 2217 706 2273 l.
724 2217 776 2292 6.),
800 2216 862 2274 sine
886 2215 975 2274 dubio
998 2216 1036 2273 ab
1059 2215 1182 2291 antiqua
1197 2215 1413 2274 consuetudine
1428 2215 1547 2274 recedit.

214 2312 291 2376 Urut
312 2318 348 2375 de
371 2317 497 2396 singulis
519 2318 710 2389 iudicabitur,
733 2318 854 2376 inventa
875 2318 940 2393 lege
958 2315 1107 2376 Genetiva
1130 2317 1181 2374 vix
1207 2318 1317 2393 poterit
1340 2317 1467 2376 dubitari
1490 2328 1548 2375 ter·

214 2419 331 2478 narium
346 2440 499 2479 nrrmerum
515 2441 533 2479 a
547 2421 683 2499 pristinis
699 2419 832 2479 tribubus
849 2419 945 2478 tribus
962 2418 1118 2477 deductum
1133 2419 1248 2495 origine
1264 2420 1353 2478 etiam
1369 2419 1400 2476 in
1411 2420 1548 2494 collegiis

215 2523 452 2582 sacerdotalibus
467 2523 644 2580 Latinorum
668 2541 816 2598 peraeque
839 2523 1022 2596 regnavisse.
1040 2554 1079 2563 -
1096 2519 1234 2581 Ceterum
1251 2521 1287 2578 de
1303 2540 1338 2578 eo
1361 2540 1484 2579 nurnero
1507 2522 1549 2579 ita

214 2623 246 2683 in
267 2625 334 2701 lege
357 2637 489 2698 cavetur,
513 2626 617 2700 utqui
641 2626 768 2701 primum
796 2624 925 2700 collegia
950 2623 1129 2681 ordinaturi·
1145 2632 1214 2680 sunt
1240 2642 1275 2680 eo
1302 2642 1360 2681 non
1390 2632 1548 2680 teneantur

214 2727 312 2804 iisque
333 2727 423 2786 liceat
445 2727 490 2786 vel
514 2746 607 2803 supra
629 2747 696 2785 eum
715 2746 870 2784 numerum
894 2727 1049 2801 pontifices
1072 2742 1260 2801 auguresque
1279 2744 1394 2796 ereare;
1417 2726 1497 2800 quod
1521 2726 1547 2784 si

213 2828 323 2889 lactum
350 2831 417 2902 erit,
444 2831 617 2906 pontificum
640 2848 844 2907 augurumque
867 2829 978 2886 creatio
1010 2828 1065 2884 1166
1092 2827 1158 2904 lege
1181 2827 1319 2885 ordinata
1345 2836 1406 2885 tum
1430 2828 1545 2885 demum

214 2931 347 3009 incipiet,
367 2952 432 2991 cum
455 2932 583 3009 collegia
604 2932 681 2990 infra
703 2933 865 2990 ternarium
889 2950 1043 2988 numerum
1067 2948 1135 2988 esse
1157 2931 1317 3006 coeperint.

297 3034 430 3094 Primam
452 3034 638 3093 sacerdotum
661 3034 900 3093 constitutionem
926 3032 963 3090 ad
987 3053 1053 3091 eum
1080 3033 1228 3108 pertinere
1250 3033 1300 3107 qui
1323 3032 1474 3090 coloniam
1496 3031 1544 3088 de·
1570 3038 1672 3089 crestio

216 3136 359 3197 ducturus
381 3139 422 3197 sit
443 3148 472 3197 et
494 3157 547 3213 per
569 3155 601 3196 se
623 3137 806 3213 intellegitur
832 3135 919 3193 etde
942 3134 1047 3210 Capua
1069 3135 1187 3192 colonia
1212 3135 1321 3192 diserte
1345 3132 1450 3193 Cicero
1473 3135 1544 3192 scri·
1572 3125 1674 3187 pontifl-

213 3239 258 3298 bit
278 3238 331 3314 (de
350 3240 370 3298 l.
394 3259 457 3318 agr.
481 3238 510 3311 2,
526 3239 576 3310 35,
593 3239 649 3298 961
679 3240 732 3298 leuc
759 3242 808 3297 isti
834 3240 983 3296 decemviri
1009 3237 1157 3298 66111100
1182 3239 1345 3294 colonorum
1367 3238 1542 3306 deduxerint,
1562 3215 1685 3350 ⁸23¹:ss

214 3351 322 3401 cautam
344 3343 519 3411 decuriones,
543 3344 634 3399 decem
656 3360 788 3416 arqrrres,
816 3360 865 3398 seu
885 3341 1033 3415 pontifices
1056 3340 1269 3415 constituerint).
1313 3338 1431 3397 Deinde
1452 3340 1542 3396 comi-

213 3443 265 3502 tiis
292 3444 464 3503 sacerdotes
491 3453 630 3503 creantur
656 3463 674 3500 6
700 3443 843 3514 duoviris,
871 3442 983 3517 pariter
1008 3449 1098 3516 atque
1125 3441 1182 3515 ipsi
1211 3441 1326 3499 duoviri
1357 3440 1395 3515 (c.
1413 3440 1483 3516 68);
1514 3450 1546 3499 ut

213 3545 403 3607 Modestinus
426 3564 542 3623 quoque
566 3546 718 3623 (Dig.48,
737 3547 784 3617 14,
811 3547 837 3615 l,
856 3545 886 3618 1)
909 3544 974 3619 lege
996 3544 1074 3602 Iulia
1096 3543 1225 3602 ambitus
1248 3545 1291 3601 ait
1311 3543 1414 3613 teneri,
1440 3545 1491 3618 qui
1514 3545 1545 3601 in

212 3648 376 3724 municipio
398 3659 502 3708 contra
525 3668 587 3707 eam
615 3649 709 3724 legem
732 3647 939 3723 magistratum
967 3655 1018 3704 aut
1039 3645 1236 3703 sacerdotium
1259 3645 1385 3722 petierit.
1429 3645 1546 3703 Indicta

213 3751 334 3810 comitia
356 3752 382 3808 si
404 3770 458 3828 per
479 3750 611 3826 aliquam
634 3767 755 3808 causam
778 3750 862 3808 111116
885 3750 968 3817 11661,
991 3768 1010 3805 6
1031 3748 1154 3806 duoviro
1177 3747 1382 3824 prodicuntur.
1424 3746 1545 3806 Creatio

211 3853 429 3929 perminorem
451 3860 566 3929 partem
589 3852 703 3928 populi,
725 3851 824 3927 qualis
840 3850 955 3907 Romae
970 3849 1107 3919 obtinuit,
1129 3849 1167 3906 ad
1189 3849 1323 3907 colonias
1345 3869 1402 3906 non
1427 3850 1545 3907 videtur

211 3967 352 4029 porrecta
371 3971 448 4013 esse.
494 3953 642 4014 Sacerdos
664 3974 716 4030 per
737 3952 857 4011 comitia
877 3959 995 4009 creatus
1016 3950 1108 4008 nihilo
1124 3951 1221 4009 minus
1237 3951 1343 4008 dicitur
1359 3951 1445 4009 lectus
1463 3970 1543 4027 coop-

213 4057 482 4132 1616166(11,13;
505 4058 542 4114 61.
568 4055 746 4115 Stuutsreclt
768 4051 954 4128 227112).
976 4087 1014 4095 -
1031 4050 1158 4111 Creatur
1180 4072 1238 4110 non
1262 4053 1358 4110 solum
1382 4053 1411 4109 in
1434 4053 1543 4110 mortui

212 4156 323 4229 locum,
345 4159 509 4217 sedetiam
533 4161 563 4217 in
586 4160 683 4216 locum
707 4157 837 4214 damuati
855 4155 920 4230 (11,
938 4154 999 4229 13),
1023 4174 1089 4212 66111
1113 4164 1275 4230 auguratus
1296 4154 1398 4230 populi
1413 4152 1543 4211 Romani

211 4277 272 4319 non
294 4260 444 4319 adimatur
466 4261 576 4320 virenti
601 4260 731 4335 (Plinius
754 4279 799 4334 ep.
823 4260 851 4329 4,
868 4258 896 4328 8,
916 4259 947 4328 1;
973 4257 1122 4315 Plutarch.
1147 4274 1175 4332 q.
1198 4257 1235 4315 R.
1253 4256 1316 4332 99).

295 4361 438 4421 Pontifex
460 4382 614 4442 augurque
637 4362 771 4421 coloniae
787 4359 952 4420 Genetirae
976 4367 1008 4419 ut
1029 4361 1096 4436 quis
1119 4361 1181 4429 fiat,
1204 4359 1277 4416 1111111
1301 4358 1463 4433 requiritur
1484 4357 1541 4415 nisi

212 4480 313 4521 exea
340 4465 458 4523 colonia
490 4474 522 4524 ut
554 4466 594 4523 sit
627 4464 777 4541 (10,31);
811 4463 840 4522 id
874 4463 953 4540 quod
987 4482 1053 4521 cum
1087 4461 1203 4539 legibus
1225 4460 1371 4519 Romanis
1405 4459 1543 4517 convenit

212 4563 410 4640 (Staatsrecltt
430 4565 513 4638 2,17
536 4585 564 4624 6.
581 4567 625 4641 4).

294 4666 458 4745 Pririlegia
484 4669 673 4728 sacerdotum
703 4668 837 4726 coloniae
865 4686 900 4724 66
927 4667 989 4727 1616
1017 4675 1096 4740 sunt,
1130 4686 1206 4743 quae
1232 4675 1351 4723 constat
1378 4658 1688 4724 61111661661111111111ι

210 4767 289 4846 apud
313 4768 476 4829 Romanos.
1561 4732 1679 4853 sappppo-

297 4874 323 4930 1.
367 4872 561 4931 Praetextam
585 4880 691 4950 gerunt
713 4872 884 4931 sacerdotes
906 4890 964 4930 non
991 4871 1070 4928 omni
1097 4878 1230 4946 tempore
1252 4868 1388 4945 locoque,
1421 4877 1454 4926 ut
1480 4887 1539 4926 ma·
1551 4879 1689 4927 Praetexta

209 4972 362 5049 gistratus,
386 4976 441 5032 sed
464 4982 525 5033 tum
541 4975 670 5044 demum,
693 4993 758 5031 cum
783 4992 869 5033 sacra
892 4975 1011 5050 publiea
1032 4973 1155 5040 faciunt,
1179 4972 1248 5029 item
1264 4990 1331 5028 cum
1347 4972 1540 5045 magistratus

209 5074 348 5135 coloniae
368 5077 456 5136 ludos
479 5077 596 5154 publice
619 5077 732 5136 iaciunt
754 5076 819 5152 (11,
835 5076 879 5151 b).
924 5074 971 5133 De
999 5075 1051 5132 illo
1079 5091 1135 5131 usu
1162 5074 1291 5148 exposui
1319 5073 1389 5131 alibi
1413 5072 1540 5148 (Stacta-

207 5173 448 5255 1611164066
471 5178 596 5237 hocius
621 5187 649 5236 ut
672 5196 750 5237 nuuc
773 5178 900 5253 primum
927 5183 1066 5234 testatum
1095 5175 1250 5246 babemus,
1278 5175 1330 5246 ita,
1358 5195 1423 5232 curn
1451 5175 1540 5232 etiam
