3510 5812
311 502 384 576 266
901 523 1048 575 uonaau

310 697 390 772 quod
413 696 578 754 aedificium
603 697 676 753 arsit
690 696 787 754 denuo
803 716 830 753 a.
848 697 907 754 606
924 707 999 754 teste
1016 695 1208 770 Obsequente
1228 714 1253 754 c.
1270 696 1316 765 19,
1339 696 1427 753 tertio
1443 707 1511 754 ante
1533 715 1559 753 a.
1577 697 1638 754 718

309 816 369 874 quo
393 817 411 854 a
433 796 488 856 Cu.
509 798 643 855 Domitio
667 796 793 856 Calvino
816 799 881 856 auri
904 800 1053 856 coronarii
1076 817 1113 856 ex
1136 799 1260 856 victoria
1282 799 1399 856 Iberica
1421 799 1533 873 accepti
1557 807 1641 874 parte

311 901 547 975 magnificentius
577 900 776 958 instauratum
807 910 860 958 est.
904 902 961 958 hoe
990 901 1067 958 enim
1098 919 1177 958 anno
1205 901 1345 975 triumphi
1373 900 1442 970 acti,
1472 920 1530 958 non
1561 919 1640 957 anno

313 1003 456 1059 victoriae
479 1012 647 1079 reportatae
665 1002 724 1060 715
747 1003 959 1061 dedicationem
983 1003 1090 1060 factam
1107 1021 1175 1060 esse
1192 1001 1300 1060 Dionis
1322 1004 1414 1060 verba
1430 1003 1479 1073 48,
1503 1001 1542 1059 42
1565 1003 1643 1059 indi·

311 1124 379 1161 care.
398 1105 546 1161 videntur:
569 1098 597 1160 τὲ
621 1127 651 1159 τε
672 1098 795 1184 χρυσίον
816 1101 847 1161 rd
868 1098 946 1185 nupti
968 1105 1019 1160 raia
1041 1096 1151 1161 πόλεων
1173 1102 1201 1165 ἒς
1224 1097 1299 1160 αὐτὰ
1321 1097 1426 1161 εἷωὲὃς
1448 1094 1585 1164 ὄὲδόςθαι
1608 1103 1640 1159 ἐκ

310 1196 399 1272 μένων
421 1207 474 1263 τῶν
489 1198 636 1287 Ἰβηρικῶν
657 1198 751 1271 ἔλαβε
772 1196 820 1262 acci
841 1201 895 1262 ἀπ’
919 1200 1010 1263 adroic
1031 1198 1062 1262 ad
1085 1196 1132 1273 plu
1154 1228 1178 1261 τι
1201 1204 1230 1266 ἒς
1250 1200 1299 1274 τὴν
1320 1200 1412 1288 ἑορτὴν
1435 1239 1472 1248 -
1500 1205 1639 1264 nimirum

309 1300 359 1377 τὴν
380 1310 432 1364 τῶν
453 1300 586 1364 {acutulae
603 1340 640 1351 -
657 1298 793 1365 dva'tars
815 1296 899 1367 78.δέ
921 1310 1017 1364 stator
1038 1306 1066 1369 ἐς
1087 1302 1123 1364 cd
1145 1298 1340 1373 βασῖλειον.
1369 1296 1559 1364 κατακαυθὲν
1581 1303 1640 1386 'peip

311 1403 380 1464 ceu'rd
404 1399 604 1483 dvpraoddpare
626 1401 673 1466 aul
693 1401 869 1492 καὲιὲρωσεν
890 1396 988 1471 didace
1010 1400 1038 1466 τέ
1066 1433 1120 1466 τιτι
1142 1412 1279 1490 >upapam
1300 1401 1449 1479 uorpa'rac
1470 1400 1517 1465 aul
1538 1399 1641 1465 εἰκόσιν

311 1500 348 1570 (ἲς
368 1504 446 1590 παρὰ
469 1512 519 1567 τοῦ
533 1502 677 1592 Koianpec
698 1510 733 1569 oie
755 1502 802 1568 nai
824 1501 980 1568 ἀποδώσων
1002 1502 1136 1588 ᾐτήσατο.
1173 1513 1276 1570 eodem
1300 1529 1378 1570 anno
1400 1512 1477 1570 idem
1502 1514 1640 1570 demani-

311 1611 380 1670 lrr'er'e
414 1613 562 1671 dedicarit
594 1634 658 1672 eam
692 1616 778 1672 basin
806 1614 945 1690 quodque
975 1614 1001 1671 ei
1031 1614 1204 1702 impositum
1232 1615 1288 1673 fuit
1312 1634 1400 1691 quam
1428 1615 1507 1672 inter
1532 1613 1641 1671 rudera

311 1734 399 1772 areae
424 1733 512 1790 quam
537 1717 639 1775 dicunt
661 1717 818 1774 Palatinae
837 1735 947 1791 paucos
970 1716 1072 1773 ablrinc
1094 1735 1184 1774 annos
1207 1716 1349 1775 effossam
1376 1724 1503 1774 testatur
1524 1715 1640 1774 Henze·

311 1835 368 1874 nus
396 1817 486 1875 huius
515 1819 713 1893 ephemeridis
741 1828 821 1876 tomo
848 1819 944 1894 primo
978 1838 1006 1894 p.
1024 1816 1098 1888 215,
1131 1820 1177 1876 nel
1200 1820 1322 1894 peanajo
1350 1818 1428 1876 1868
1457 1818 1639 1875 Lancianius

311 1918 523 1977 Viscontiasre
546 1921 613 1979 libri
637 1921 673 1978 de
694 1920 835 1979 Palatino
863 1919 1119 1995 plumescens,
1154 1930 1185 1978 ut
1207 1921 1337 1992 videtur,
1370 1922 1448 1979 Acta
1469 1921 1505 1979 P.
1529 1919 1638 1978 Rosae.

311 2019 349 2079 L.
372 2021 539 2079 Munatium
561 2022 707 2081 Plancum
734 2029 854 2080 constat
880 2023 985 2099 paucis
1008 2032 1076 2080 ante
1103 2023 1190 2081 annis
1213 2022 1303 2098 (711)
1327 2021 1447 2081 Saturni
1470 2023 1572 2080 aedem
1595 2041 1641 2079 re·

311 2123 419 2181 fecisse
442 2133 511 2201 post
532 2123 713 2200 triumphum
736 2143 776 2181 ex
801 2122 904 2183 Gallia
925 2136 1036 2194 actum3
1059 2124 1192 2182 eiusdem
1214 2125 1297 2182 basis
1321 2127 1355 2182 de
1376 2125 1535 2200 manib(r'·is)
1562 2142 1642 2181 anno

312 2236 456 2299 sequente
479 2226 614 2284 dedicata
632 2244 724 2302 prope
746 2245 845 2285 arcum
868 2225 976 2298 Severi,
1002 2228 1028 2283 si
1054 2226 1126 2285 fides
1149 2226 1288 2303 'Porrigio
1311 2226 1490 2305 Pighioque,
1519 2227 1576 2283 hoc
1597 2235 1642 2284 est

311 2345 405 2402 prope
434 2328 536 2384 aedem
563 2330 600 2387 ab
628 2346 663 2385 eo
689 2328 829 2385 resectam
856 2340 976 2404 reperta
1002 2337 1048 2386 est
1074 2328 1116 2402 (v.
1140 2327 1215 2404 Syll.
1238 2349 1266 2386 n.
1286 2328 1368 2403 126).
1413 2330 1518 2387 horum
1541 2347 1641 2385 exem-

312 2427 428 2505 plorum
451 2430 616 2487 similitudo
639 2448 733 2506 eaque
756 2439 847 2502 tauta,
872 2442 905 2488 ut
926 2430 974 2488 lac
995 2430 1064 2487 lacti
1081 2450 1141 2487 non
1163 2430 1291 2487 similius
1307 2430 1430 2501 dixeris,
1453 2449 1499 2488 me
1522 2442 1641 2486 movent

314 2539 346 2587 ut
368 2549 483 2589 sumam
507 2532 586 2607 quod
609 2531 752 2590 Henzeno
778 2552 883 2608 parum
911 2531 1131 2609 probabilitatis
1160 2534 1269 2591 habere
1296 2536 1394 2590 visum
1417 2542 1473 2601 est,
1502 2530 1639 2605 primitus

313 2632 396 2689 illam
413 2632 527 2690 Domiti
544 2635 630 2692 basin
653 2635 773 2693 stetisse
796 2635 825 2691 in
841 2635 917 2691 atrio
932 2633 1045 2710 Regiae
1068 2635 1105 2690 ab
1127 2635 1195 2711 ipso
1218 2633 1343 2691 refectae
1365 2651 1425 2690 una
1446 2651 1511 2690 eum
1535 2631 1638 2688 simili-

311 2735 377 2805 bus,
401 2736 508 2810 quibus
532 2727 642 2796 seutiae
663 2736 732 2793 illos
760 2736 796 2793 ab
820 2736 987 2794 Octaviano
1015 2743 1153 2810 acceptos
1179 2734 1361 2810 imposuerit.
1408 2734 1484 2791 unde
1506 2733 1586 2808 quod
1608 2734 1637 2789 in

311 2837 469 2895 Palatinae
502 2838 609 2894 donrus
643 2838 742 2895 aulam
776 2856 916 2895 areamre
945 2837 1078 2913 pervenit
1104 2856 1161 2894 non
1189 2837 1310 2893 mirum:
1344 2854 1413 2893 nam
1436 2855 1502 2893 cum
1525 2843 1642 2892 constet

311 2939 482 3013 Augustum
504 2959 520 2996 e
543 2939 640 3014 Regia
662 2939 808 3013 migrasse
831 2940 860 2995 in
883 2939 1044 3008 Palatium,
1068 2938 1201 3012 palatina
1227 2937 1333 2995 domus
1361 2945 1462 3012 utpote
1489 2937 1639 3014 pontilicis

312 3041 435 3097 maximi
458 3042 503 3098 eis
526 3040 707 3098 ornamentis
735 3040 824 3114 digna
846 3040 970 3097 iudicari
998 3040 1094 3114 potuit
1120 3038 1229 3119 quibus
1256 3048 1342 3097 vetus
1364 3019 1468 3116 Regia
1481 3040 1553 3097 olim
1577 3050 1640 3096 ute-

312 3144 408 3200 batur.
425 3174 463 3184 -
481 3141 605 3218 Regiam
628 3141 830 3200 Domitianam
854 3141 905 3217 qui
927 3141 1087 3198 admodum
1110 3142 1248 3216 exiguam
1272 3142 1368 3199 fuisse
1390 3150 1497 3217 putant
1519 3141 1640 3199 Ouidia-

312 3245 358 3302 nis
381 3255 459 3302 certe
481 3244 663 3302 carminibus
686 3243 779 3301 Trist.
797 3246 824 3313 3,
842 3245 869 3313 1,
886 3241 923 3298 27
938 3261 978 3300 ss.
1001 3241 1065 3316 (ubi
1088 3248 1168 3318 repta
1186 3262 1282 3319 parra
1302 3242 1428 3318 Numae)
1450 3263 1511 3301 rem
1535 3253 1639 3319 suapte

312 3356 418 3405 natura
442 3348 493 3405 vix
516 3345 687 3404 credibilem
710 3346 786 3403 male
808 3343 978 3402 defendunt.
1023 3345 1197 3421 quidquod
1224 3364 1260 3402 ne
1283 3355 1367 3403 vetus
1388 3345 1509 3421 quidem
1535 3346 1639 3422 Regia,

312 3451 422 3526 quippe
449 3467 525 3523 quae
552 3457 580 3505 et
606 3446 783 3505 tabularium
813 3457 860 3505 sat
886 3465 1024 3521 magnum
1052 3457 1081 3504 et
1109 3447 1240 3504 sacraria
1272 3447 1452 3522 supellectili
1486 3466 1639 3507 sacrorum

312 3550 499 3626 publicorum
523 3551 634 3607 referta
655 3549 706 3625 (de
729 3548 840 3624 quibus
863 3549 927 3606 dixi
950 3548 1026 3625 Tap.
1051 3547 1080 3620 8,
1103 3549 1159 3606 971
1177 3549 1232 3624 ss.)
1259 3549 1439 3607 continuerit
1464 3551 1543 3608 intra
1564 3551 1639 3608 fines

316 3661 462 3729 angustos
485 3652 613 3709 coartari
640 3660 750 3726 potest.
793 3652 841 3710 his
862 3653 952 3709 rebus
974 3670 1052 3709 nunc
1073 3669 1194 3727 quoque
1216 3651 1376 3727 prohibeor
1393 3653 1552 3726 quominus
1576 3653 1640 3710 sine

313 3753 376 3811 ulla
392 3753 578 3812 dubitatione
593 3772 696 3812 eorum
712 3754 847 3828 opinioni
870 3753 1056 3812 subscribam
1072 3754 1124 3828 qui
1145 3753 1243 3812 fastos
1258 3751 1446 3829 Capitolinos
1462 3756 1499 3812 ab
1521 3775 1548 3811 a.
1571 3754 1640 3813 inde

314 3854 374 3912 742
398 3857 572 3915 marmoreis
594 3855 703 3931 Regiae
726 3854 919 3913 Domitianas
946 3855 1109 3932 parietibus
1135 3855 1297 3930 inscriptos
1324 3872 1391 3914 esse
1417 3856 1637 3917 contenderunt.

311 3977 380 4016 nam
399 3993 435 4002 —
453 3967 485 4016 ut
506 3967 637 4033 repetam
661 3977 737 4034 quae
758 3959 887 4035 exposui
903 3956 1034 4015 Hermae
1050 3957 1078 4029 7,
1095 3956 1154 4017 769
1168 3976 1192 4015 s.
1215 3975 1275 4015 non
1298 3958 1448 4016 intellecta
1469 3967 1501 4016 ut
1523 3959 1641 4016 videtur

313 4061 350 4117 ab
367 4060 478 4118 Ottone
494 4059 666 4117 Hirschfeld
688 4060 727 4117 ib.
745 4061 774 4131 9,
790 4061 828 4119 99
843 4077 888 4136 sq.
904 4091 944 4102 -
960 4067 1182 4135 parastatarum
1197 4078 1440 4130 marmorearum,
1462 4061 1569 4135 quibus
1589 4061 1641 4119 tri-

313 4163 415 4238 umphi
437 4161 573 4236 inscripti
594 4161 686 4233 fuere,
709 4180 745 4219 ea
766 4171 814 4220 est
834 4162 960 4220 altitudo
983 4160 1035 4235 (m.
1053 4163 1081 4233 3,
1098 4160 1162 4237 38),
1185 4170 1219 4218 ut
1239 4162 1357 4220 etiamsi
1378 4162 1460 4237 podii
1481 4162 1640 4221 trabeatio-

313 4264 418 4340 nisque
445 4264 525 4339 quod
552 4263 595 4321 eis
623 4264 779 4321 conveniat
805 4262 968 4334 addideris,
994 4262 1140 4339 parietum
1167 4263 1332 4321 aeditieiivc
1360 4263 1545 4321 altitudinem
1568 4283 1641 4322 sane

313 4385 456 4443 perquam
478 4365 618 4442 pusillam
641 4365 790 4423 effeceris:
825 4364 872 4422 his
904 4373 1002 4420 autem
1034 4364 1201 4423 rationibus
1232 4364 1381 4421 hominem
1410 4366 1484 4423 artis
1511 4367 1639 4443 peritum

314 4468 510 4527 Lancianium
533 4468 652 4526 ductum
670 4467 763 4525 videri
787 4466 950 4542 significavi
975 4474 1005 4524 ut
1026 4466 1122 4525 fastos
1144 4467 1246 4544 potius
1261 4467 1343 4543 operi
1367 4467 1515 4526 scalarum
1537 4468 1641 4543 templi

315 4569 451 4629 Castoris
477 4571 638 4644 inscriptos
665 4569 834 4639 coniecerit,
867 4569 952 4626 cuius
977 4568 1126 4626 altitudini
1157 4575 1330 4645 parastatae
1356 4568 1426 4625 illae
1452 4569 1640 4627 conveniant.

314 4691 410 4747 neque
439 4691 510 4730 vero
538 4672 615 4730 lianc
640 4671 841 4729 coniecturam
869 4678 1009 4746 tanquam
1035 4681 1146 4728 certam
1172 4679 1224 4728 aut
1249 4679 1310 4729 tum
1338 4671 1462 4744 probari
1489 4680 1541 4729 aut
1563 4688 1640 4727 nune

314 4775 423 4848 probo:
447 4775 504 4832 boc
526 4775 668 4847 sustineo,
691 4774 863 4849 neutiquam
881 4773 917 4830 de
931 4772 1044 4847 Regias
1060 4773 1222 4849 parietibus
1244 4772 1387 4830 fastorum
1408 4773 1552 4830 memoria
1573 4790 1641 4829 con-

314 4875 434 4951 scriptis
456 4878 589 4935 decisum
611 4893 679 4935 esse
700 4876 783 4953 prius
806 4893 896 4950 quam
919 4874 1072 4933 architecti
1095 4875 1198 4932 harum
1221 4893 1319 4931 rerum
1335 4875 1422 4949 periti
1437 4882 1529 4932 totam
1551 4893 1640 4949 quae-

316 4977 442 5034 stionem
475 4978 511 5035 ad
543 4980 616 5036 artis
648 4979 744 5054 legem
779 4976 1033 5053 pertractaverint.
1078 4996 1133 5054 ego
1159 4976 1240 5052 quod
1267 4975 1306 5033 ad
1332 4995 1393 5033 rem
1420 4976 1569 5053 pertineat
1591 4978 1641 5032 vix

315 5080 474 5155 quiequam
497 5079 607 5137 addere
628 5098 750 5156 possum
773 5088 893 5157 praeter
919 5098 955 5137 ea
979 5097 1055 5155 quae
1082 5079 1236 5155 hueusque
1257 5078 1418 5155 disputavi.
1461 5097 1529 5137 nam
1552 5079 1641 5136 etiam

315 5192 385 5258 post
405 5182 525 5241 inventa
551 5181 598 5241 bis
626 5182 712 5240 annis
740 5202 818 5240 nova
839 5182 985 5241 fastorum
1009 5181 1176 5259 fragmenta
1196 5198 1246 5240 res
1269 5198 1304 5239 ea
1325 5181 1411 5254 redit,
1433 5189 1477 5252 ut,
1500 5181 1641 5256 quoniam
