3510 5812
712 513 1032 564 nmmumonmm.
1465 488 1533 557 131
1598 534 1602 539 -

208 687 254 747 95
276 689 349 762 (ins.
366 698 435 765 post
454 707 483 745 n.
498 687 580 762 410).
626 687 701 764 Rep.
718 689 747 744 in
765 687 936 763 Popcustle3
960 686 1037 761 lapis
1052 684 1224 743 centurialis
1244 683 1351 758 longus
1372 703 1401 759 p.
1417 680 1434 737 2
1458 680 1537 738 altus

250 790 311 869 dig.
337 790 384 848 10.

766 891 784 934 3
801 891 809 931 1
826 873 994 933 vrcTonnn

248 1060 367 1121 Bruee
389 1061 481 1139 lapid.
503 1081 533 1141 p.
549 1062 609 1121 457
632 1080 661 1118 n.
678 1061 738 1120 909
762 1062 814 1137 qui
837 1062 910 1138 legit
936 1058 1090 1136 o(enturio)
1114 1057 1214 1134 Rutu)
1232 1057 1382 1125 Victorini,
1409 1055 1538 1113 sortasse

207 1174 297 1224 reete.

178 1385 185 1402 ·
208 1358 257 1416 Ad
279 1379 308 1415 n.
325 1356 399 1417 411.
444 1357 535 1416 Edita
562 1367 609 1416 est
631 1379 650 1416 a
674 1357 825 1416 Munnix
853 1367 883 1415 et
910 1357 1077 1414 Whellan
1106 1356 1213 1430 history
1240 1355 1301 1411 ond
1327 1355 1467 1427 directory
1488 1354 1540 1425 sor

253 1457 448 1518 Comberlond
469 1461 630 1537 (Beveriey
654 1461 732 1519 1847
757 1460 799 1535 8).
845 1460 960 1518 Bruoe
983 1459 1075 1534 lapid.
1098 1478 1127 1534 p.
1144 1456 1203 1515 453
1227 1477 1255 1514 n.
1273 1456 1342 1514 903.

209 1668 260 1728 Ad
279 1688 309 1728 n.
326 1668 411 1730 440.
455 1672 620 1730 Antistium
643 1671 815 1730 Adventum
838 1671 970 1747 legatum
995 1669 1182 1746 imperatoris
1206 1667 1247 1725 M.
1270 1664 1388 1724 Aurelii
1410 1640 1540 1740 Augusti

250 1791 290 1832 ex
313 1773 401 1831 titulo
424 1773 542 1833 Batavo
571 1775 650 1851 apud
674 1774 906 1832 Brambaohiom
929 1771 964 1831 C.
988 1772 1010 1828 1.
1033 1772 1091 1830 Rh.
1116 1770 1154 1828 55
1178 1779 1282 1827 notum
1304 1768 1392 1826 etiam
1417 1765 1541 1825 Germa·

252 1876 321 1934 niae
343 1875 494 1935 inferioris
517 1877 648 1952 legatum
671 1878 775 1947 fuisse,
799 1884 831 1935 ut
852 1874 1103 1933 Buechelerus
1127 1872 1253 1941 monuit,
1276 1869 1357 1946 potui
1380 1869 1499 1928 addere.

209 2084 259 2145 00
282 2086 351 2162 (ins.
375 2095 445 2162 post
466 2107 495 2145 n.
509 2084 594 2160 477).
639 2085 724 2144 Urna
740 2086 919 2163 sepulcralis
933 2104 996 2160 rep.
1018 2085 1048 2142 in
1068 2085 1234 2158 Contridpe,
1256 2089 1377 2140 servata
1391 2079 1540 2156 quondam

251 2189 284 2247 in
306 2187 442 2248 Alnwiolc
464 2189 569 2261 Castis,
592 2189 736 2266 iuscripta

661 2393 681 2433 1)
694 2395 739 2435 01d
752 2407 758 2421 ·
770 2391 914 2434 nvnfflnfi
936 2390 1082 2435 Acuntcss

254 2561 479 2620 Mackenzieo
505 2563 614 2639 history
641 2565 677 2636 os
698 2563 961 2621 Nerthumberlond
987 2560 1175 2636 (Newcastle
1205 2558 1284 2617 1875
1315 2557 1358 2633 8.)
1390 2557 1402 2612 l
1435 2575 1464 2632 p.
1481 2556 1540 2614 453

212 2663 294 2740 (inde
316 2662 363 2721 W.
386 2663 443 2722 Th.
467 2663 606 2722 Wntkin
628 2666 770 2724 arciueol.
786 2667 887 2739 joorn.
913 2666 962 2736 31,
989 2664 1068 2723 1874
1092 2682 1120 2739 p.
1137 2661 1221 2738 350).

254 2764 397 2825 Fortasse
418 2784 477 2823 non
500 2766 647 2826 diversam
670 2785 738 2827 esse
760 2788 779 2826 a
799 2788 828 2825 ιι.
849 2767 927 2826 1055
950 2767 1124 2825 observavit
1145 2765 1269 2824 Bruoe.

1329 2897 1543 2910 ——-·

210 2976 261 3035 Ad
283 2998 312 3036 n.
328 2974 403 3036 481.
447 2977 481 3035 In
503 2978 562 3036 fine
584 2996 662 3054 quae
684 2976 841 3036 traduntur
863 2977 901 3038 bs
916 2996 955 3038 ·s
977 2980 1020 3037 ito
1041 2977 1185 3037 solvenda
1207 2994 1272 3034 esse

795 3120 840 3175 die
862 3117 962 3193 dolis)

253 3252 426 3312 dubitanter
448 3254 608 3329 proposuit
630 3252 891 3325 Buechelerus3
914 3254 1042 3313 fortusse
1065 3261 1153 3311 rente.

213 3460 261 3519 Ad
283 3461 411 3523 unsa
456 3463 570 3521 Extare
603 3462 723 3538 quidem
755 3463 874 3521 titulum
908 3463 938 3520 in
971 3463 1112 3534 Hennam,
1146 3461 1200 3521 sed
1231 3468 1381 3534 repertum
1413 3475 1480 3515 esse
1513 3459 1543 3515 in

258 3567 489 3636 Nortdollerton‚
520 3564 674 3622 Yorlcsirire
696 3565 736 3622 N.
754 3565 802 3637 n,
825 3586 863 3624 ex
888 3566 966 3624 libro
994 3565 1122 3641 quodam
1145 3564 1217 3623 mihi
1240 3581 1299 3620 non
1323 3562 1387 3619 viso
1410 3559 1543 3636 (ingle-

257 3672 331 3730 dew
358 3669 402 3726 tie
428 3668 536 3743 history
564 3669 624 3724 ond
652 3671 815 3743 anitiquities
844 3669 878 3742 os
895 3668 1115 3726 Northullerton
1136 3664 1233 3723 Lond.
1254 3663 1332 3722 1858
1356 3663 1399 3734 8.,
1426 3663 1544 3737 Appen·

256 3774 316 3842 dix,
341 3770 427 3830 euius
456 3769 583 3844 pugione
610 3788 670 3826 nou
699 3746 907 3845 numerantur)
934 3770 1057 3828 adnotat
1083 3770 1130 3826 W.
1150 3768 1208 3826 Th.
1229 3765 1377 3823 Watkin.
1425 3762 1546 3822 Dicitur

256 3875 299 3934 ibi
320 3872 469 3949 prodiisse
498 3870 578 3928 uteo
600 3874 706 3945 cuttinp
729 3871 846 3946 throoph
871 3873 914 3929 tire
940 3871 1037 3930 Costle
1058 3871 1138 3929 Hills
1164 3875 1194 3927 in
1216 3867 1295 3926 1838
1327 3877 1356 3923 ot
1383 3865 1474 3923 videri
1502 3866 1546 3923 tire

257 3995 350 4053 upper
367 3984 438 4051 part
460 3977 494 4050 os
511 3992 531 4031 u
553 3976 642 4031 votive
664 3972 751 4042 altar,
774 3972 817 4029 ita
839 3983 935 4032 antem
959 3973 1132 4048 inscriptum
1157 3988 1222 4030 esse

800 4177 842 4217 ΙΝ
871 4176 1013 4218 ΒΤΑΝΕ

779 4278 853 4320 ELA
874 4278 1014 4321 ·HYRO

821 4381 1013 4423 Lec·vt·v·

260 4554 348 4614 Unde
370 4561 496 4628 apparot
517 4561 597 4609 recte
619 4552 676 4608 huo
697 4549 810 4608 referri.

219 4763 265 4824 97
289 4764 358 4838 (ins.
381 4774 451 4839 post
473 4785 501 4821 n.
518 4765 622 4842 tnta).
670 4765 706 4822 ln
730 4761 930 4821 Souttsdielde
952 4770 1102 4837 repertum
1124 4772 1169 4816 est
1191 4778 1218 4815 a.
1245 4757 1322 4815 1870
1346 4756 1543 4833 fragmentum

263 4866 389 4924 tabellae
412 4866 546 4943 lapideae
569 4867 704 4942 (longum
728 4885 765 4923 m.
783 4863 869 4939 038)
892 4864 1068 4938 inscriptum
1091 4862 1198 4918 litteris
1221 4859 1354 4916 evanidis
1378 4859 1423 4915 his

762 5060 905 5137 ¹locutus
928 5067 943 5106 r
966 5067 981 5106 r

261 5189 410 5249 Robertus
434 5190 535 5248 Blnir
557 5189 647 5247 misit.
