3510 5812
398 478 562 532 srunoan
589 477 881 530 ruscarrmonvn
908 479 992 529 rom
1019 477 1174 529 nounnr.
1375 458 1445 527 241

117 655 201 731 ponii
223 653 311 711 Laeti
340 665 472 729 tempore
495 671 561 710 cum
584 653 652 710 aliis
674 652 827 728 lapidibus
850 654 887 710 ad
910 650 1047 714 Castoris
1070 660 1237 710 extractum
1259 668 1334 710 esse.
1378 671 1447 709 narn

117 756 197 832 quod
223 757 259 814 fr.
282 755 298 812 I
321 774 380 813 non
407 756 542 832 potuisse
570 753 620 811 diu
648 774 702 831 pro
729 754 824 830 gradu
851 753 994 812 acclesiae
1021 754 1122 826 luisse,
1152 754 1263 830 quippe
1285 754 1364 830 quod
1386 773 1447 811 non

117 858 206 916 nimis
229 857 368 915 detritum
393 857 444 928 sit,
472 876 507 914 ea
532 856 720 914 ratiocinatio
749 857 853 914 nititur
875 856 1055 914 Panriniani
1081 856 1243 914 testimonii
1272 856 1329 913 fide
1356 873 1445 930 quam

117 966 287 1038 suspectam
303 953 371 1018 esse¹
385 959 496 1017 monui.
541 976 617 1034 quae
633 968 731 1016 autem
752 958 962 1034 inscriptiones
978 957 1064 1016 Laeti
1088 967 1221 1034 tempore
1236 976 1296 1015 non
1312 959 1350 1015 ad
1364 958 1446 1016 latus

118 1063 221 1139 templi
243 1063 296 1119 sed
315 1069 385 1138 post
403 1059 546 1136 templum
562 1061 734 1118 eruderatae
750 1068 829 1132 sunt,
845 1078 897 1118 eas
913 1077 1053 1118 essenon
1069 1078 1160 1135 posse
1180 1060 1328 1118 fastorum
1343 1069 1444 1134 partes

117 1166 177 1223 iam
203 1165 421 1222 demonstrabo.

199 1265 334 1324 Primum
355 1265 447 1340 igitur
469 1272 587 1322 constat
603 1283 638 1321 eo
660 1263 830 1322 testimonio
846 1265 925 1339 quod
941 1264 978 1322 ad
994 1265 1082 1322 huius
1100 1261 1172 1340 Syll.
1190 1285 1218 1321 n.
1236 1263 1274 1322 93
1298 1264 1443 1340 adscripsi

115 1369 315 1444 Pomponium
342 1366 445 1425 eodem
473 1383 533 1442 quo
559 1366 708 1423 Iucundus
736 1376 883 1441 tempore,
910 1366 939 1423 h.
964 1387 989 1425 e.
1012 1385 1039 1423 a.
1065 1365 1158 1437 1499,
1194 1366 1305 1424 vidisse
1337 1366 1442 1424 titulos

114 1471 262 1546 virginum
277 1469 455 1538 Vestalium,
479 1471 687 1544 epiprammata
708 1479 822 1543 reperta
837 1472 865 1526 in
886 1487 998 1544 pronao
1022 1468 1117 1544 templi
1134 1468 1235 1526 Vestae
1256 1467 1307 1526 aab
1323 1466 1441 1525 Palatio

115 1581 215 1631 contro
230 1575 509 1646 foratianensem,
531 1570 638 1647 quibus
661 1571 760 1628 verbis
783 1570 922 1646 quoniam
945 1570 1088 1645 templum
1104 1568 1216 1628 Vestae
1238 1569 1306 1628 sola
1327 1570 1443 1626 coniec-

115 1686 182 1734 tura
210 1695 245 1733 eo
271 1673 337 1730 loco
366 1673 459 1730 fuisso
487 1672 595 1730 dicitur
621 1672 671 1729 ubi
698 1683 816 1748 reperta
842 1682 912 1730 sunt
939 1672 1167 1747 epigrammata,
1191 1690 1295 1747 parum
1319 1669 1441 1728 deloco

114 1777 220 1855 profici
243 1784 472 1835 cousentaneum
496 1785 554 1832 eat:
578 1781 609 1831 at
624 1774 721 1832 omnis
742 1774 887 1831 dubitatio
910 1773 1025 1831 tollitur
1039 1773 1167 1832 Iucuudi
1188 1773 1358 1831 testimonio
1379 1783 1443 1830 ante

116 1878 172 1938 SS.
204 1876 323 1936 Casurae
352 1886 378 1934 et
405 1876 545 1934 Damiani
572 1877 637 1933 sola
665 1877 804 1933 mediante
832 1879 880 1933 oia
909 1879 939 1931 in
967 1876 1092 1950 quodam
1123 1875 1310 1933 harundineto
1341 1875 1442 1933 eadem

115 1982 272 2039 eruderato
293 1997 359 2038 esse
382 1978 518 2049 dicentis,
541 1978 597 2035 hoe
620 1985 666 2035 est
687 1986 783 2048 ante,
806 1995 865 2034 non
888 1987 971 2052 post
992 1976 1135 2052 templum
1150 1975 1299 2034 Castoris.
1337 1988 1442 2033 contra

113 2083 217 2143 eodem
240 2101 318 2140 anno
335 2079 413 2140 1499
436 2081 525 2138 etiam
548 2088 632 2155 post
654 2079 796 2154 templum
814 2080 963 2138 fossorum
984 2079 1133 2137 industria
1147 2096 1297 2136 marmora
1311 2077 1443 2135 litterata

114 2204 130 2242 a
153 2196 233 2243 terra
254 2190 390 2241 extracta
411 2191 490 2241 sunt.
534 2200 593 2256 qua
615 2181 651 2239 de
673 2200 704 2239 re
720 2181 906 2257 Pomponius
929 2181 960 2239 in
983 2180 1160 2257 compendio
1183 2198 1325 2238 romanae
1348 2180 1441 2237 histo·

113 2286 177 2345 riae
197 2287 254 2344 hoc
276 2304 354 2343 anno
378 2284 504 2360 primum
527 2283 607 2341 edito
631 2283 673 2358 (v.
690 2284 728 2340 ad
748 2303 777 2341 n.
794 2283 848 2359 93)
871 2284 900 2341 in
922 2285 986 2340 vita
1000 2282 1085 2341 Decii
1102 2283 1175 2341 haee
1197 2283 1301 2340 habet:
1325 2286 1354 2340 in
1372 2283 1440 2340 aede

116 2389 244 2448 Castoris
266 2397 291 2446 et
304 2386 436 2444 Pollucis
458 2390 488 2444 in
506 2385 592 2461 parte
606 2389 673 2460 sori
693 2389 805 2443 tanoni
825 2404 924 2443 versam
940 2384 1089 2443 Palatium
1110 2388 1190 2444 cuias
1212 2388 1334 2460 bestiola
1356 2385 1441 2458 effodi

111 2491 242 2548 aldianas.
287 2488 400 2547 scilicet
426 2488 463 2544 ab
491 2488 595 2545 eodem
618 2487 787 2564 Pomponio
810 2487 997 2545 Albertinius
1024 2487 1060 2544 de
1088 2488 1190 2544 eadem
1217 2506 1249 2543 re
1271 2487 1438 2544 accuratius

111 2592 234 2650 edoctus
250 2610 277 2648 a.
294 2590 372 2650 1510
388 2590 431 2648 sic
447 2596 571 2647 testatur
587 2586 735 2664 (sylloges
752 2588 902 2646 Mazocch.
919 2609 946 2647 a.
964 2587 1039 2647 1523
1057 2587 1283 2663 axxanz
1305 2588 1437 2663 templum

115 2693 245 2752 Castoris
267 2702 292 2751 et
313 2691 442 2750 Pollucis
464 2695 495 2748 ln
516 2694 565 2748 via
585 2707 672 2749 sacra
695 2690 746 2748 Fe.
762 2691 817 2748 Ro.
840 2692 892 2748 aab
910 2691 1024 2765 palatio
1046 2691 1094 2749 ubi
1115 2709 1189 2747 nunc
1211 2700 1252 2748 est
1273 2690 1439 2748 tabernacu-

110 2796 167 2853 laln
183 2795 263 2870 Virp.
286 2794 345 2870 (vir
365 2793 401 2852 ed
424 2813 451 2851 a.
477 2791 570 2867 1510)
593 2794 639 2850 ad
655 2794 874 2868 ponticulum
895 2796 925 2849 in
947 2811 1002 2868 quo
1025 2793 1085 2850 loco
1108 2793 1211 2867 effossa
1226 2793 1311 2866 fuere
1333 2795 1439 2849 vesti·

106 2903 167 2973 pia
187 2916 249 2955 carn
270 2897 381 2954 duabus
405 2895 510 2954 tabulis
537 2899 702 2953 marmoreis
729 2896 904 2953 dedicatione
931 2897 1023 2970 ipsius
1051 2903 1117 2952 teste
1139 2913 1237 2969 pomp.
1267 2893 1338 2951 letae
1363 2892 1437 2969 (sic)

110 3004 160 3075 qni
186 3018 234 3058 eas
261 3000 366 3056 vidisse
390 2999 526 3073 affirmat.
570 2998 642 3055 haec
670 2998 695 3055 si
724 2997 854 3073 pendent
879 3016 897 3053 a
919 2996 1017 3055 verbis
1039 2996 1206 3072 compendii
1229 2995 1439 3071 Pomponiani,

110 3110 236 3178 apparet
258 3119 316 3157 non
338 3099 464 3158 Laetum
488 3099 541 3158 sed
562 3099 764 3157 Albertinium
787 3098 903 3157 tabulas
926 3098 994 3156 illas
1018 3098 1139 3169 vidisse,
1162 3098 1240 3156 hunc
1262 3107 1358 3155 autem
1382 3115 1439 3156 sua

110 3202 326 3280 Pomponianis
349 3201 558 3272 admiscuisse3
582 3204 606 3259 si
630 3201 668 3257 ab
690 3200 817 3277 epistula
840 3200 943 3275 aliqua
963 3200 1048 3257 Laeti
1071 3201 1211 3275 pendent,
1233 3199 1309 3257 vidit
1323 3198 1436 3257 Laetus

110 3323 198 3381 quam
225 3303 414 3362 Albertinius
441 3301 511 3359 dicit
538 3303 768 3360 dedicationem:
800 3310 866 3359 utut
888 3312 947 3374 est,
975 3320 1030 3377 ego
1057 3302 1094 3359 de
1120 3301 1306 3359 dedicatione
1328 3301 1369 3358 ibi
1391 3321 1438 3359 re·

109 3414 195 3484 perta
226 3404 330 3462 dubito
363 3405 401 3461 ob
433 3421 539 3461 causas
573 3423 624 3461 eas
658 3421 733 3479 quas
767 3422 844 3461 nune
877 3422 1034 3479 exponam.
1078 3404 1131 3461 sed
1153 3403 1282 3478 primum
1305 3405 1436 3462 omnium

109 3508 262 3567 sciendum
283 3507 387 3565 eodem
410 3505 476 3563 loco
499 3506 650 3564 inventum
673 3522 742 3563 esse
764 3525 791 3562 a.
812 3505 888 3563 1549
905 3505 1023 3563 titulum
1039 3505 1228 3563 notissimum
1246 3503 1313 3564 CIL
1331 3505 1359 3576 6,
1376 3504 1436 3564 804

108 3625 305 3671 voatvnuvs
330 3610 334 3685 Ι
361 3623 555 3667 rsnronravs
578 3622 775 3666 proclamat
799 3624 833 3664 ετ
849 3609 854 3684 l
871 3624 1033 3679 naxtnrnr,
1054 3612 1084 3665 in
1099 3610 1308 3681 forononano
1327 3625 1435 3684 prope

106 3711 328 3791 ponticulum
349 3720 415 3768 ante
436 3711 597 3786 aedificium
618 3710 693 3767 illud
707 3711 879 3785 quadratura
899 3712 978 3784 qaod
993 3709 1117 3768 Statoris
1136 3719 1240 3785 putant
1263 3709 1319 3784 (ita
1333 3709 1435 3785 Pigh.)

109 3816 174 3873 sive
199 3815 288 3871 medio
314 3815 387 3870 inter
414 3813 559 3870 columnas
589 3813 684 3886 templi
710 3811 783 3866 Iulii
816 3810 849 3884 (i.
877 3831 902 3867 e.
930 3809 1083 3886 Castoris)
1117 3812 1213 3868 aedera
1244 3830 1267 3868 s.
1297 3811 1436 3868 Theodori

108 3917 234 3994 spondas
262 3913 374 3972 Palatii
400 3916 518 3971 maioris
547 3923 572 3970 et
598 3913 693 3970 hortos
718 3912 928 3971 Consolationis
957 3916 1050 3987 spotia
1074 3913 1131 3987 (ita
1154 3910 1314 3987 Smetius),
1341 3913 1388 3969 ubi
1410 3920 1435 3968 et

106 4022 169 4077 viae
191 4026 299 4077 stratae
320 4016 415 4075 silices
438 4025 464 4073 et
486 4014 573 4073 altius
592 4017 737 4091 fodientes
765 4033 869 4089 aquam
891 4017 983 4071 adeam
1005 4018 1134 4072 invenere
1156 4013 1213 4089 (ita
1235 4014 1299 4071 cod.
1315 4013 1434 4070 Waels-

108 4118 203 4196 cap.):
233 4117 309 4176 unde
337 4118 449 4175 factum
471 4127 504 4174 ut
525 4117 555 4174 in
581 4117 679 4174 forma
700 4116 797 4174 locum
822 4125 958 4174 accurate
981 4117 1112 4174 indicare
1133 4115 1291 4192 potuerim.
1334 4116 1435 4190 itaque

104 4219 235 4279 ‘tabulae
261 4220 349 4278 binae
378 4214 575 4277 marmoreae'
606 4229 691 4295 post
720 4218 863 4293 templum
892 4216 1028 4278 Castoris
1058 4219 1198 4276 inventae
1225 4224 1303 4274 sunt.
1351 4217 1434 4292 atqui

107 4322 241 4399 epistylii
267 4321 350 4380 aedis
373 4321 552 4379 Tiberianae
580 4329 631 4378 aut
653 4319 844 4378 Domitianas
867 4329 967 4395 partes
1000 4320 1161 4398 inscriptas
1188 4320 1240 4377 vix
1267 4319 1435 4395 putaverim

107 4425 145 4483 ab
168 4425 267 4482 antica
288 4423 318 4481 in
342 4424 489 4499 posticam
511 4431 635 4498 partem,
658 4423 748 4480 immo
771 4432 819 4481 sat
840 4423 928 4499 longe
943 4424 981 4481 ab
1003 4423 1071 4498 ipso
1093 4422 1205 4499 templo
1228 4438 1293 4480 esse
1317 4419 1433 4479 ablatas

106 4539 196 4602 atque
229 4527 260 4583 in
292 4527 360 4602 ipsa
385 4526 435 4582 via
461 4525 620 4583 derelictas
650 4542 744 4600 neque
773 4525 863 4582 facile
890 4526 1051 4601 quisquam
1077 4523 1224 4582 tabulas
1251 4541 1434 4581 marmoreas

106 4628 258 4686 vocaverit
279 4645 355 4685 saxa
377 4627 509 4702 ingentia
530 4625 566 4683 dc
595 4625 735 4701 epistylio
758 4625 880 4684 deiecta.
924 4627 977 4683 sed
1005 4625 1081 4684 unde
1105 4624 1227 4683 suborta
1249 4624 1344 4682 Laeto
1367 4641 1433 4682 sus·

104 4730 183 4806 picio
210 4728 327 4787 tabulas
354 4728 424 4786 illas
452 4729 601 4804 pertinere
624 4727 662 4784 ad
688 4729 794 4786 aedem
818 4727 965 4799 Castoris,
993 4728 1077 4785 cuius
1105 4727 1181 4785 situs
1208 4735 1278 4785 tunc
1305 4727 1348 4784 ita
1373 4744 1433 4784 non

106 4831 243 4907 cognitus
270 4830 340 4902 fuit,
367 4839 400 4887 ut
420 4828 531 4887 Laetus
558 4829 653 4887 tribus
681 4830 837 4901 columnis,
867 4849 944 4906 quae
966 4837 1036 4889 sunt
1057 4829 1163 4904 ipsius,
1186 4828 1351 4887 Domitiani
1373 4838 1433 4887 sta·

105 4942 186 4991 tuam
208 4932 379 5007 impositam
401 4931 494 4989 fuisse
516 4930 616 5008 inepte
639 4932 797 4991 coniecerit
822 4933 915 4991 libelli
938 4933 974 4990 de
997 4939 1142 4991 vetustata
1165 4931 1247 4988 urbis
1270 4931 1310 5006 (si
1334 4941 1432 4987 tamen

104 5044 148 5093 eet
173 5033 276 5109 Laeti)
302 5052 330 5091 a.
357 5034 434 5091 1515
461 5033 567 5091 iterum
594 5034 665 5091 editi
693 5034 713 5092 f.
738 5033 795 5092 211
824 5034 995 5094 memineris
1022 5033 1102 5092 tituli
1128 5053 1147 5090 a
1174 5030 1272 5092 Sartio
1302 5032 1430 5107 primunr

102 5136 174 5195 editi
195 5135 247 5211 qui
274 5136 349 5194 inter
370 5134 581 5208 Hennenianos
603 5133 710 5213 Suppl.
733 5138 772 5195 ad
795 5136 848 5195 Or.
872 5146 919 5195 est
941 5157 970 5194 n.
988 5136 1079 5195 5755.
1123 5135 1203 5193 hunc
1224 5134 1431 5192 Mommsenus

103 5237 145 5295 ita
166 5238 340 5298 restituerat
362 5235 466 5312 (Arch.
491 5237 618 5313 Zcitung
643 5237 720 5295 1846
743 5257 771 5313 p.
789 5237 877 5311 aab:
