3510 5812
339 505 415 580 254
933 526 1077 580 ronnas

340 703 458 777 aliaque
480 711 674 759 monumenta
695 701 812 776 publice
828 703 929 777 posita
951 720 1018 760 esse
1041 701 1217 777 (dequibus
1234 701 1471 761 v.Detlefsenus
1493 702 1571 760 Ann.
1591 702 1674 761 1860

337 823 367 879 p.
386 803 512 878 l38ss.)
541 803 678 878 idemque
700 804 809 861 lactum
841 805 952 862 eisdem
981 803 1136 862 translatis
1159 823 1186 861 a.
1204 804 1274 874 710,
1306 823 1366 880 qua
1391 805 1428 862 de
1455 824 1487 862 re
1520 814 1589 863 ante
1622 824 1672 863 me

339 904 492 980 (Jalrresb.
512 905 591 963 1875
614 925 642 981 p.
660 906 720 963 746
733 906 789 979 ss.)
813 906 898 963 video
919 914 998 963 reete
1021 906 1170 963 iudicasse
1184 905 1350 964 Braunium
1367 907 1577 965 dissertatione
1600 915 1673 983 post

339 1018 463 1064 mortem
487 1008 551 1065 eius
572 1007 653 1065 edita
675 1008 840 1083 (Philologi
856 1007 958 1084 Suppl.
984 1007 1011 1078 7,
1027 1007 1112 1083 425).
1156 1016 1270 1084 partem
1293 1026 1393 1066 eorum
1411 1017 1673 1068 monumentorum

337 1126 414 1183 quae
436 1109 467 1166 in
490 1110 596 1168 rostris
618 1110 770 1168 veteribus
794 1119 940 1169 steterunt
960 1111 1099 1168 interisse
1121 1119 1214 1169 testes
1237 1118 1308 1169 sunt
1326 1112 1476 1170 Asconius
1492 1111 1672 1188 Pliniusque

337 1213 439 1285 quiea
459 1207 580 1270 ‘luisse’
603 1212 643 1270 ibi
660 1222 816 1282 testantur,
838 1224 963 1289 partem,
986 1213 1076 1270 veluti
1092 1222 1207 1272 statuas
1224 1212 1327 1273 Sullas
1342 1224 1372 1271 et
1386 1213 1509 1290 Pompei
1526 1223 1670 1273 statuam-

337 1331 397 1387 que
420 1311 474 1371 Cn.
499 1313 617 1372 Octavii
640 1317 669 1373 in
693 1315 779 1373 novis
803 1317 909 1373 rostris
930 1348 971 1356 —
993 1334 1069 1390 qnae
1092 1335 1163 1375 eave
1196 1335 1233 1374 ne
1262 1325 1346 1391 putes
1373 1333 1440 1375 esse
1464 1329 1562 1376 rostra
1584 1317 1670 1376 aedis

337 1415 398 1473 divi
431 1416 500 1473 lulii
523 1417 576 1474 sed
598 1436 633 1473 ea
666 1418 733 1493 ipsa
755 1417 921 1492 dequibus
956 1421 1072 1494 agimus
1095 1418 1132 1474 ad
1166 1418 1247 1474 latus
1270 1436 1357 1475 arcus
1382 1417 1485 1478 Severi
1507 1453 1548 1463 -
1569 1419 1668 1478 denuo

336 1517 498 1576 collocatas
521 1536 587 1576 esse
610 1520 747 1576 audimus
771 1519 821 1593 (ci.
837 1519 977 1576 Jahresb.
994 1538 1021 1594 p.
1040 1519 1123 1593 747).
1167 1519 1262 1577 fuisse
1285 1519 1362 1578 inter
1379 1521 1452 1579 haec
1475 1502 1681 1579 monumenta*

337 1619 505 1677 columnam
528 1628 688 1679 rostratam
712 1621 913 1691 Duellianam,
947 1639 1072 1696 eamque
1104 1629 1264 1698 postquam
1298 1623 1399 1680 nescio
1421 1641 1481 1698 quo
1511 1624 1572 1680 lato
1595 1640 1666 1679 mox

338 1722 485 1780 interierit
507 1724 570 1781 sive
592 1724 725 1800 Augusti
757 1722 927 1799 principatu
961 1724 1025 1780 sive
1048 1721 1167 1781 Claudii
1190 1757 1229 1766 —
1254 1732 1351 1781 utrum
1386 1725 1464 1783 enim
1490 1744 1593 1784 verum
1628 1723 1669 1781 sit

336 1824 482 1883 hocloco
504 1825 648 1884 mittimus
671 1843 813 1900 quaerere
829 1857 868 1867 -
884 1826 1053 1883 restitutam
1075 1843 1142 1884 esse
1165 1835 1283 1884 constat
1304 1826 1476 1885 testimonio
1498 1827 1667 1885 certissimo

338 1923 433 1985 Servii
456 1927 487 1984 in
508 1925 620 2003 Georg.
636 1929 664 1998 3,
681 1926 718 1984 29
739 1947 793 1985 nec
816 1927 919 2002 procul
942 1929 978 1986 ab
994 1946 1030 1984 eo
1053 1927 1120 1985 loco
1144 1928 1248 2002 (immo
1270 1929 1294 1986 si
1318 1930 1390 2003 quid
1411 1929 1554 2006 ponderis
1576 1930 1669 1986 habet

337 2030 539 2088 testimonium
557 2028 797 2102 Ciacconianum‚
819 2029 970 2105 proxime)
993 2031 1114 2088 inventa
1132 2043 1178 2089 est
1196 2030 1277 2088 basis
1301 2041 1454 2105 superstes
1477 2031 1519 2106 (v.
1536 2050 1564 2088 n.
1584 2030 1669 2105 127).

337 2131 389 2188 sed
421 2151 524 2190 eorum
552 2150 670 2207 quoque
702 2151 778 2208 quae
806 2153 822 2189 e
852 2133 1003 2190 veteribus
1037 2133 1068 2190 in
1097 2151 1174 2191 nova
1206 2141 1305 2190 rostra
1334 2134 1481 2192 translata
1510 2141 1580 2192 sunt
1608 2150 1669 2189 non

335 2242 460 2309 potuere
489 2252 548 2291 non
571 2233 714 2310 pleraque
742 2254 777 2291 ea
802 2243 980 2308 tempestate
1006 2235 1115 2293 auferri
1137 2254 1198 2311 quo
1225 2235 1311 2292 novis
1334 2254 1372 2293 ea
1393 2235 1575 2294 ornamentis
1597 2252 1669 2291 eon·

335 2335 475 2393 decorare
496 2336 592 2394 libuit.
637 2355 691 2394 nce
713 2336 821 2394 desunt
842 2337 1023 2395 testimonis.
1068 2355 1137 2394 nam
1164 2355 1218 2394 nec
1246 2337 1324 2396 ullus
1346 2338 1389 2396 ibi
1415 2344 1533 2413 praeter
1554 2336 1669 2394 colum·

334 2457 403 2495 nam
426 2438 593 2496 restitutam
616 2438 719 2496 titulus
742 2439 853 2497 liberae
876 2440 918 2496 rei
940 2438 1078 2515 publicae
1100 2439 1238 2499 inventus
1259 2448 1307 2498 est
1333 2450 1363 2497 et
1384 2440 1524 2497 novimus
1552 2444 1669 2509 statuas

334 2543 364 2595 in
385 2544 487 2597 rostris
509 2541 624 2615 positas
647 2541 859 2617 imperatorum
883 2543 1016 2617 Augusti
1038 2539 1081 2616 (v.
1104 2542 1194 2618 infra)
1217 2550 1248 2601 et
1269 2540 1389 2600 Claudii
1413 2540 1563 2615 (Pollione
1592 2549 1667 2600 teste

337 2639 457 2700 Claudii
480 2662 505 2699 e.
522 2641 555 2716 3)
578 2651 607 2700 et
623 2641 809 2714 Stilichonis,
837 2643 921 2701 euius
944 2643 1032 2702 busin
1053 2643 1124 2702 licet
1145 2663 1203 2721 quo
1225 2644 1292 2702 loeo
1314 2653 1432 2720 reperta
1453 2643 1494 2701 sit
1513 2645 1669 2720 ignoretur

337 2755 434 2801 tamen
457 2744 486 2801 in
509 2746 615 2802 rostris
634 2745 706 2802 olim
728 2763 795 2803 esse
817 2745 995 2804 collocatam
1017 2746 1113 2821 ipsius
1136 2746 1215 2803 tituli
1231 2747 1324 2805 verba
1345 2746 1552 2805 demonstrant
1574 2741 1667 2821 (Syll.

335 2865 364 2903 n.
384 2848 462 2904 llla
479 2890 485 2904 .
501 2889 507 2902 .
525 2857 648 2904 statuam
669 2851 699 2903 in
720 2850 841 2905 rostris.
859 2892 865 2905 .
883 2891 889 2904 .
907 2849 1058 2906 locandam
1080 2849 1201 2907 decrevit
1216 2892 1222 2906 .
1240 2891 1246 2904 .
1264 2868 1290 2905 a.
1313 2847 1403 2923 406):
1433 2848 1556 2906 alteram
1586 2848 1667 2924 posi·

335 2955 395 3004 tam
418 2948 514 3006 eidem
536 2950 613 3006 inter
635 2967 729 3006 annos
754 2949 812 3007 398
836 2956 866 3006 et
888 2950 958 3023 400,
986 2951 1068 3009 auius
1090 2951 1175 3008 basis
1200 2947 1280 3008 ‘ante
1309 2951 1412 3007 aedem
1437 2948 1492 3009 SS.
1516 2947 1612 3025 Sergii
1635 2956 1667 3007 et

335 3046 460 3107 Bacchi'
493 3057 611 3127 reperta
642 3060 698 3121 est,
733 3059 831 3108 utrum
865 3051 939 3127 ipsis
971 3053 1078 3110 rostris
1110 3052 1252 3128 imposita
1279 3052 1369 3110 fuerit
1395 3071 1433 3110 an
1461 3052 1545 3109 iuxta
1567 3057 1667 3108 rostra

334 3153 452 3211 steterit
481 3152 636 3211 nescimus.
680 3152 808 3230 denique
834 3174 850 3212 e
880 3162 924 3212 tot
952 3154 1046 3213 titulis
1075 3154 1245 3212 honorariis
1279 3171 1372 3230 prope
1405 3161 1503 3210 rostra
1534 3153 1665 3211 inventis

334 3274 393 3312 non
416 3255 517 3313 nullos
543 3272 611 3314 esse
634 3266 798 3314 statuarum
825 3258 855 3314 in
882 3257 989 3314 rostris
1017 3258 1185 3333 positarum
1212 3257 1382 3314 coniectura
1408 3255 1488 3312 baud
1514 3256 1665 3332 improba·

333 3357 384 3415 bili
408 3357 494 3415 nobis
516 3358 652 3415 videmur
674 3365 812 3415 statuere.
856 3358 910 3414 sed
933 3367 1086 3432 praeterea
1108 3358 1203 3416 eidem
1226 3358 1293 3417 loco
1315 3357 1526 3416 vindicaverim
1550 3366 1666 3415 statuas

334 3459 408 3516 duas
435 3477 509 3533 quas
533 3457 683 3517 Gabinius
704 3459 824 3516 Vettius
847 3459 1015 3517 Probianus
1037 3461 1205 3536 praelectus
1233 3460 1314 3518 urbis
1338 3479 1365 3517 a.
1382 3458 1440 3517 377
1457 3459 1553 3535 setall
1573 3476 1665 3516 acces-

333 3564 416 3618 sitate
452 3559 605 3618 conlabsas
646 3561 866 3619 celeberrimo
906 3561 1002 3619 urbis
1043 3564 1117 3620 loco
1159 3562 1286 3621 adbibita
1326 3561 1477 3636 alilipentia
1518 3564 1667 3636 reparavit

335 3663 378 3737 (n.
396 3662 444 3721 77.
463 3660 525 3737 78).
571 3679 645 3738 quas
674 3663 760 3719 bases
788 3662 926 3721 inventas
953 3672 1021 3721 ante
1047 3663 1152 3722 aedem
1174 3663 1338 3722 Faustinae
1364 3682 1416 3721 eur
1443 3662 1554 3722 Petrus
1581 3662 1667 3721 Rosa

331 3762 362 3819 in
384 3763 510 3823 basilica
532 3763 611 3822 Iulia
633 3783 727 3840 nuper
749 3765 835 3841 quasi
859 3764 899 3821 ibi
923 3765 994 3822 olim
1017 3766 1189 3825 extitissent
1210 3764 1411 3837 collocaverit,
1441 3764 1579 3841 equidem
1605 3783 1665 3822 non

334 3882 489 3941 assequor.
533 3887 628 3944 neque
654 3867 734 3925 eninr
762 3867 824 3925 ulla
849 3885 942 3925 causa
967 3874 1068 3944 potest
1093 3866 1217 3946 cogitari
1245 3885 1297 3925 cur
1323 3866 1367 3925 eis
1396 3885 1457 3925 non
1478 3866 1668 3943 inscripserit

333 3985 369 4024 ea
390 3970 482 4026 rerba
509 3987 587 4043 quae
615 3970 768 4045 inscripsit
797 3969 904 4028 statuis
937 3970 979 4027 ibi
1012 3969 1116 4028 eodem
1142 3987 1220 4027 anno
1246 3969 1412 4027 conlocatis
1439 3977 1564 4026 statuam
1592 3986 1667 4042 quae

333 4069 468 4127 basilicae
490 4069 585 4128 Iuliae
606 4090 625 4127 a
648 4090 677 4129 se
699 4075 808 4130 nouiter
832 4079 988 4147 reparatae
1014 4082 1175 4131 ornamento
1201 4079 1273 4128 esset
1301 4071 1410 4128 adiecit
1435 4068 1478 4144 (n.
1496 4066 1585 4127 23-
1600 4068 1664 4143 31).

333 4188 420 4245 quern
455 4171 543 4246 igitur
576 4172 655 4230 dixit
686 4173 783 4230 locum
816 4172 899 4231 urbis
933 4170 1174 4243 celeberrimum,
1212 4191 1278 4230 eum
1311 4171 1363 4230 vix
1396 4170 1563 4248 putaverim
1596 4186 1666 4229 esse

331 4272 430 4329 iorum
457 4292 622 4344 romanum,
651 4292 753 4331 verum
775 4280 883 4330 rostra.
927 4292 1023 4348 neque
1045 4273 1123 4331 enim
1145 4289 1217 4331 casu
1245 4273 1353 4331 accidit
1374 4281 1407 4331 ut
1429 4272 1577 4331 similibus
1599 4292 1666 4331 ver·

331 4374 378 4431 bis
407 4374 587 4448 aliquotiens
614 4374 827 4450 significentur,
860 4373 941 4430 velut
962 4375 1041 4450 apud
1064 4374 1195 4432 Plinium
1220 4373 1284 4449 (34,
1305 4373 1358 4450 24)
1381 4385 1497 4434 senatus
1520 4372 1667 4450 (01100-

332 4476 426 4550 tario)
447 4486 573 4534 statuam
590 4480 663 4552 pomi
684 4479 769 4534 iussit
789 4494 876 4551 quam
901 4477 1095 4535 oculatissimo
1125 4477 1184 4535 loco
1213 4495 1301 4551 eoquo
1326 4486 1369 4536 est
1393 4480 1424 4533 la
1445 4480 1557 4545 rostris,
1584 4475 1664 4551 apud

332 4577 525 4637 Ammianum
549 4578 715 4649 10,10,13
740 4597 802 4636 eum
824 4580 945 4637 venisset
967 4582 1008 4637 ad
1027 4589 1134 4649 rostra,
1152 4581 1411 4655 perspectissimum
1430 4580 1546 4653 priscae
1563 4589 1664 4654 poten-

333 4682 388 4735 tiae
418 4680 526 4739 locum
556 4679 639 4752 (nam
666 4680 709 4738 ita
736 4680 924 4740 scribendum
953 4700 1009 4758 pro
1036 4679 1174 4756 eoquod
1203 4680 1270 4738 libri
1294 4681 1406 4739 habent
1420 4680 1544 4755 forum).
1588 4679 1665 4736 adde

331 4779 411 4853 quod
436 4784 465 4837 iu
488 4780 670 4839 cereberra'mo
693 4780 766 4857 (sic)
787 4784 852 4858 sori
874 4784 935 4842 loco
958 4784 1049 4841 verba
1076 4783 1155 4842 tituli
1178 4782 1362 4841 Veronensis
1385 4780 1455 4841 CIL
1478 4781 1507 4851 5,
1533 4783 1560 4852 1,
1583 4780 1664 4839 3333

331 4879 368 4936 ad
403 4891 502 4940 rostra
534 4882 696 4959 municipii,
726 4884 763 4942 de
795 4885 904 4960 quibus
933 4885 1013 4943 infra
1038 4883 1145 4954 dicam,
1172 4883 1326 4943 referenda
1348 4894 1427 4956 sunt,
1450 4883 1588 4959 quodque
1610 4883 1666 4941 im·

330 4994 484 5056 peratores
514 4983 705 5042 Theodosius
739 4995 767 5043 ot
792 4985 942 5043 Arcadius
968 4984 1180 5043 Alexandreae
1215 4997 1344 5045 statuam
1375 4985 1503 5044 Materni
1538 4983 1666 5061 Cynegii

329 5084 472 5158 praelecti
495 5086 647 5161 praetorio
669 5106 723 5162 per
746 5086 901 5145 Orientem
924 5087 966 5163 (a.
990 5085 1169 5162 384-389)
1196 5090 1227 5144 in
1250 5089 1345 5146 eadem
1370 5088 1524 5163 splendida
1546 5086 1615 5145 urbe
1632 5129 1663 5144 ..

332 5183 408 5244 laco
440 5187 666 5246 celeberrimo
700 5193 831 5249 constitui
863 5189 1054 5265 collocarique
1084 5192 1231 5250 iusserunt
1263 5187 1345 5264 (011.
1365 5188 1440 5262 3,1,
1464 5188 1531 5264 19):
1564 5197 1666 5264 potest
