3510 5812
294 680 328 719 eo
349 658 475 734 omnia¹)
499 660 619 717 eiusdem
643 660 812 714 corrdicionis
835 667 926 714 essent
947 661 1025 715 cuius
1048 668 1112 715 onte
1126 659 1270 731 fuissent:
1295 659 1488 732 adiectumque
1510 663 1569 728 ius,
1596 671 1626 716 ut

295 774 319 822 et
349 763 462 830 tinnites,
491 763 524 817 id
552 771 592 817 est
620 762 766 816 decantant
794 769 820 816 et
848 761 993 828 cardines,
1022 764 1115 834 operti
1139 760 1246 834 populo
1275 770 1381 829 essent;
1411 761 1480 817 item
1504 759 1625 819 Siculus

294 864 421 922 Flaccus
444 883 472 938 p.
493 863 560 931 157,
579 864 629 918 ll:
653 872 780 918 auctores
804 863 949 918 divisionis
972 863 1238 936 odsipnationisque
1259 863 1333 936 iopes
1355 863 1495 937 quasdam
1518 864 1625 921 colonie

293 968 466 1035 describunt,
492 974 524 1022 ut
549 964 591 1039 [ct
617 963 715 1037 codes]
742 966 792 1037 qui
817 967 882 1037 apri
907 967 1001 1022 sacris
1024 963 1133 1038 [sacris
1156 963 1273 1039 addidi]
1297 963 1421 1022 delubris
1444 966 1625 1039 sepulcrum,

290 1070 470 1146 publicisque
492 1068 561 1126 solis
585 1069 706 1134 itineris,
730 1068 801 1134 cine,
823 1074 913 1134 actius,
936 1065 1056 1123 ambitus
1078 1067 1235 1139 diutiusque
1256 1083 1398 1140 aquarum
1420 1067 1508 1141 [quae
1531 1069 1625 1143 publi-

294 1173 337 1230 cis
361 1171 465 1245 deleri]
488 1169 658 1227 utilitatibus
681 1170 828 1224 servierint
848 1169 889 1223 ad
910 1169 942 1224 id
962 1185 1049 1242 usque
1065 1178 1183 1242 ternpus,
1205 1187 1260 1243 quo
1277 1172 1343 1243 apri
1357 1169 1508 1227 divisiones
1518 1172 1627 1246 fierent,

295 1277 325 1330 in
347 1275 443 1330 eadem
466 1272 626 1330 condicione
654 1281 824 1344 essentque
846 1280 910 1327 onte
932 1268 1021 1343 [inter
1043 1270 1116 1344 cod]
1138 1273 1267 1345 suerunt,
1294 1289 1345 1329 nec
1371 1274 1522 1347 quicquam
1548 1272 1625 1330 utili-

295 1376 400 1432 tatibus
420 1374 544 1448 publicis
567 1375 783 1448 deroqaoerunt.
828 1370 885 1428 His
907 1382 1045 1429 accurate
1066 1372 1248 1448 respondent
1270 1373 1346 1448 legis
1366 1375 1465 1448 capita
1479 1373 1548 1444 duo,
1573 1393 1627 1431 nec

295 1476 403 1534 limites
429 1476 470 1533 ibi
498 1474 713 1532 desiderantur.
759 1473 805 1530 De
832 1492 864 1529 re
891 1472 1086 1531 conserendus
1115 1481 1160 1533 est
1183 1474 1357 1533 Rudorffius
1383 1476 1508 1533 institut.
1532 1494 1625 1553 grom.

296 1597 325 1654 p.
343 1577 412 1635 398.
436 1578 506 1634 400.
770 1655 773 1660 .

149 1686 291 1736 Pecuniam
381 1680 409 1736 3.
452 1679 506 1736 Ius
534 1678 676 1754 pecuniae
704 1678 840 1754 publicae
867 1677 983 1735 dandae
1010 1678 1215 1737 attribuendae
1248 1679 1326 1754 apud
1360 1679 1501 1737 duoviros
1534 1679 1627 1739 fuisse

157 1768 367 1839 P¹¹b¹i⁰⁸¹¹¹inde
400 1781 606 1852 confirmatur,
639 1781 719 1855 (quiid
751 1780 906 1855 pecuniam
936 1779 1084 1855 publicam
1113 1781 1144 1838 in
1174 1781 1260 1839 leudos
1290 1799 1361 1839 suos
1395 1781 1626 1840 consumendum

150 1851 292 1900 attribuunt
382 1883 415 1897 ..
446 1884 452 1896 .
495 1883 501 1895 .
549 1883 587 1894 ..
909 1883 915 1895 .
1134 1883 1140 1896 .
1538 1885 1567 1898 ..

242 1933 271 1944 ..
300 1885 416 1941 duoviri
443 1901 503 1958 ipsi
531 1883 588 1939 sibl
616 1890 751 1951 sumunt,
779 1891 882 1939 contra
908 1881 1106 1958 impendenda
1132 1903 1162 1940 ιιι
1189 1883 1276 1940 ludos
1300 1883 1455 1942 aedilicios
1478 1884 1627 1942 aedrhbus

160 1933 281 2064 ,ἓυζζὲζ
299 1986 472 2044 attribuitur
493 2003 512 2041 a
534 1984 668 2042 duoviris
692 1983 731 2058 (c.
747 1982 848 2041 LXX.
871 1983 1001 2058 LXXI).
1023 2018 1062 2026 -
1084 1985 1209 2042 Maioris
1232 1986 1373 2043 momenti
1396 1993 1442 2043 est
1463 1986 1544 2060 quod
1565 1987 1627 2044 offi-

174 2100 268 2164 quique
299 2089 376 2146 citur
397 2107 435 2144 ex
457 2107 482 2145 c.
506 2085 623 2157 LXIX,
646 2086 787 2143 duoviros
808 2086 963 2163 pecuniam
986 2106 1045 2144 non
1068 2087 1238 2145 attribuisse
1266 2089 1324 2145 nisi
1346 2087 1376 2145 in
1400 2106 1485 2145 sunm
1507 2108 1628 2158 aunum,

176 2197 271 2231 annum
299 2191 399 2266 itaque
426 2189 630 2265 redemptione
656 2189 735 2246 sacta
760 2188 791 2244 in
817 2205 911 2246 annos
940 2189 1040 2262 plures
1064 2190 1298 2264 uniuscuiusque
1324 2190 1393 2247 anni
1416 2189 1525 2248 IIviros
1548 2208 1628 2248 sum·

298 2312 376 2351 mam
410 2310 464 2350 suo
497 2310 575 2348 anno
608 2290 819 2368 praestandam
851 2290 1091 2367 redemptoribus
1125 2292 1306 2350 attribuisse.
1356 2293 1391 2350 Id
1422 2302 1454 2350 ut
1482 2294 1628 2351 institutis

298 2395 402 2471 populi
429 2394 557 2452 Romani
585 2394 696 2469 optime
725 2393 873 2461 convenit,
905 2393 949 2450 ita
981 2392 1019 2449 ad
1047 2409 1186 2450 censores
1217 2411 1336 2470 quoquc
1368 2395 1472 2470 populi
1501 2395 1628 2454 Romani

297 2504 377 2554 recte
404 2496 557 2567 referetur,
585 2496 673 2553 modo
701 2494 921 2570 distinguamus
947 2495 1025 2552 inter
1051 2496 1207 2571 pecuniam
1233 2495 1309 2572 ipsis
1332 2497 1513 2568 attributum,
1540 2516 1629 2573 spiram

299 2600 491 2657 exsolverent
520 2617 586 2656 eum
615 2597 723 2654 vellent
752 2598 919 2672 quibusque
947 2597 1142 2671 pensionibus
1171 2596 1294 2668 vellent,
1328 2609 1357 2657 et
1383 2599 1540 2675 pecuniam
1569 2601 1629 2659 sol-

299 2700 424 2759 vendam
454 2719 492 2758 ex
521 2699 670 2758 locatione
698 2697 818 2774 quidem
850 2698 887 2756 ab
913 2698 987 2773 ipsis
1014 2699 1094 2757 facta
1119 2717 1215 2774 neque
1245 2708 1344 2758 tamen
1372 2700 1407 2758 de
1437 2703 1564 2778 pecunia
1591 2703 1629 2761 iis

301 2803 453 2861 attributa.

159 2912 293 2962 Poenaea
385 2906 413 2962 4.
458 2903 621 2962 Pecuniam
648 2921 762 2978 poenae
788 2903 906 2960 nomine
933 2903 971 2960 ob
999 2904 1157 2979 vectigalia
1185 2904 1321 2963 coloniae
1350 2905 1380 2962 in
1408 2905 1559 2981 publicum
1585 2927 1630 2966 re·

155 2993 418 3087 c‘'¹¹⁶¹{ct0‘dactam
445 3007 496 3063 lex
524 3024 548 3063 e.
571 3004 657 3062 LXV
680 3005 761 3063 iubet
783 3023 841 3062 non
864 3004 995 3080 impendi
1018 3005 1075 3063 nisi
1103 3006 1132 3062 in
1155 3024 1241 3064 sacra
1262 3006 1411 3078 coloniae;
1440 3008 1548 3083 quibus
1570 3029 1630 3068 non

147 3083 510 3207 'ssee‘ssassffeomprehendi
542 3107 630 3164 ludos
663 3107 847 3182 intellegitur
873 3126 912 3164 ex
945 3107 1080 3166 clausula
1106 3116 1241 3166 extrema
1270 3127 1356 3185 capp.
1385 3108 1500 3168 LXIX.
1528 3110 1630 3170 LXX.

167 3248 207 3289 we
221 3247 249 3289 ut
261 3241 288 3290 in
303 3209 458 3285 Quaenam
487 3229 539 3268 eae
566 3227 681 3286 poenae
709 3209 768 3266 sint
795 3209 825 3266 in
853 3227 890 3266 ea
911 3218 995 3285 parte
1022 3209 1098 3286 legis
1122 3229 1210 3286 quam
1234 3211 1379 3269 babemus
1403 3229 1461 3269 non
1482 3216 1630 3286 inventae,

155 3324 288 3373 saaraim·
302 3314 333 3370 in
355 3313 525 3371 universum
547 3311 633 3369 facile
656 3319 795 3386 apparet3
818 3312 932 3369 scilicet
955 3331 1017 3381 eae,
1040 3331 1115 3387 quae
1138 3313 1310 3371 conductori
1333 3315 1370 3371 ob
1393 3315 1548 3388 pecuniam
1571 3335 1630 3373 non

148 3408 381 3474 pessdsssslufiusto
409 3423 542 3489 tempore
570 3413 697 3471 solutam
725 3413 772 3470 vel
798 3431 859 3471 rem
888 3413 966 3470 male
993 3413 1125 3471 habitam
1153 3415 1219 3490 lege
1245 3415 1403 3473 locationis
1426 3417 1629 3493 iniunguntur.

301 3518 376 3595 Ipsa
401 3517 451 3574 lex
479 3535 558 3574 nova
584 3524 640 3587 est,
670 3514 723 3573 sed
750 3533 842 3573 causa
869 3525 985 3592 aperta:
1015 3515 1130 3573 scilicet
1157 3518 1188 3588 ii,
1218 3517 1326 3592 quibus
1353 3516 1543 3575 indicandum
1569 3530 1633 3577 erat

300 3638 414 3695 poenae
437 3638 490 3678 eae
513 3614 862 3686 commissaeue⁰esseut,
886 3617 950 3674 sive
973 3618 1167 3694 magistratus
1189 3620 1210 3676 ii
1232 3619 1353 3678 fuerunt
1373 3620 1434 3677 sive
1456 3620 1632 3679 decuriones

302 3722 364 3779 sive
386 3730 621 3796 recuperatores,
645 3739 712 3778 cum
735 3738 837 3778 eorum
860 3720 1017 3776 interesset
1039 3720 1183 3795 pecuniae
1204 3721 1334 3796 publicis
1350 3720 1451 3779 usibus
1465 3721 1632 3781 destinatae

301 3842 390 3899 quum
413 3823 574 3881 maximam
597 3823 712 3899 copiam
736 3822 852 3879 aerario
875 3839 953 3891 esse,
975 3841 1011 3879 ne
1034 3821 1070 3879 de
1091 3839 1146 3880 sua
1160 3841 1252 3882 causa
1266 3823 1486 3899 quodammodo
1502 3824 1633 3884 iudicare

301 3926 483 3996 viderentur,
506 3925 562 3983 hac
584 3924 650 4000 lege
671 3925 842 3996 cavebatur,
871 3943 907 3982 ea
928 3924 1112 4001 pecuniane
1139 3926 1169 3982 in
1194 3943 1266 3984 usus
1292 3925 1429 4002 publicos
1450 3935 1633 4001 erogaretur,

304 4029 356 4086 scd
379 4028 584 4087 tantummodo
607 4026 638 4084 in
659 4045 722 4083 rem
745 4044 870 4084 sacrum.
914 4026 1004 4100 Quod
1028 4028 1053 4085 si
1076 4046 1135 4084 non
1156 4027 1344 4097 obtinuisset,
1367 4027 1430 4084 fieri
1452 4037 1579 4103 poterat,
1602 4039 1634 4087 nt

303 4131 453 4210 angustiis
475 4129 583 4188 aerarii
605 4129 662 4186 hac
685 4128 733 4186 via
755 4130 833 4187 male
855 4128 1073 4187 subveniretur.

169 4229 283 4308 Stipant
388 4235 415 4291 5.
460 4229 565 4290 Simile
587 4229 728 4306 quiddam
751 4239 873 4288 caretur
895 4248 919 4286 c.
935 4228 1056 4286 LXXII
1079 4229 1116 4286 de
1137 4230 1222 4303 stipe.
1258 4227 1378 4289 Scilicet
1397 4231 1529 4290 collectis
1546 4250 1633 4307 pecn-

170 4327 198 4375 in
215 4339 288 4375 ΜΒ
307 4336 364 4392 niis
391 4334 462 4391 certi
489 4333 643 4391 cuiusdam
666 4332 797 4391 numinis
820 4347 972 4388 sacrorum
994 4347 1086 4387 causa
1108 4329 1188 4404 (Lis.
1205 4328 1254 4402 25,
1273 4328 1320 4403 12,
1339 4333 1391 4390 14:
1416 4334 1499 4391 ludos
1516 4345 1637 4410 praetor

170 4415 288 4472 ⁹¹⁰⁸⁰t¹¹r
304 4440 335 4493 in
361 4439 434 4493 circo
460 4439 583 4492 manirera
609 4453 671 4492 cum
689 4436 826 4510 facturus
854 4441 937 4499 esset,
965 4432 1065 4502 edicit,
1091 4441 1121 4489 ut
1140 4433 1264 4506 populus
1284 4452 1339 4508 per
1360 4453 1406 4494 eos
1429 4436 1513 4495 ludos
1535 4442 1635 4513 stipem

304 4536 437 4613 Apollini
462 4546 598 4610 quantam
624 4535 796 4594 cominoduns
821 4541 892 4591 esset
919 4533 1073 4604 conferret,
1101 4543 1134 4590 ut
1154 4533 1230 4591 ulios
1253 4535 1367 4594 similes
1390 4538 1472 4596 locos
1495 4540 1635 4615 mittam),

304 4638 336 4694 id
358 4636 438 4713 quod
459 4637 633 4710 praesertim
656 4636 784 4695 obtiniut
805 4635 834 4691 iu
858 4634 952 4691 sacris
967 4633 1095 4707 Magnae
1117 4634 1264 4710 nutriet),
1286 4637 1433 4713 factisque
1452 4639 1521 4698 inde
1541 4642 1635 4700 sacris

305 4784 509 4794 ——-

383 4874 405 4937 ¹)
426 4891 457 4925 ee
476 4877 542 4926 orrrrn'
559 4877 655 4939 codex;
675 4876 822 4927 emendarit
841 4874 952 4926 Rudorff
966 4888 1050 4940 gram
1070 4880 1135 4922 auct.
1155 4875 1180 4934 2,
1196 4874 1257 4924 398.

381 4965 405 5029 ²)
431 4968 523 5018 Cicero
543 4969 574 5017 de
594 4970 641 5032 leg.
663 4971 692 5029 2,
710 4971 741 5030 9,
762 4970 809 5017 ts:
831 4974 936 5034 praeter
954 4965 1049 5016 Idaeae
1067 4966 1156 5014 reatris
1166 4965 1281 5029 famulos
1300 4981 1388 5033 eosque
1408 4968 1481 5019 iustis
1500 4969 1586 5023 diebus
1606 4991 1635 5024 ne

305 5060 361 5126 quis
385 5061 472 5126 stipem
496 5060 578 5125 cupito
603 5067 628 5108 et
652 5076 673 5108 c.
691 5061 738 5122 16,
759 5061 807 5110 40:
833 5060 920 5126 siquem
942 5057 1085 5108 sustulimus
1104 5056 1155 5105 ruisi
1172 5072 1226 5106 eam
1245 5075 1317 5124 quarn
1336 5056 1372 5108 ad
1386 5075 1485 5126 paitcos
1504 5064 1558 5115 dies
1572 5083 1635 5132 pro-

300 5153 388 5220 prium
408 5151 502 5202 Idaeae
526 5151 614 5201 neutris
637 5152 788 5219 excepimus:
813 5151 897 5218 implet
915 5151 978 5201 enim
997 5147 1172 5216 superstitione
1190 5148 1286 5200 ‹urimos
1304 5157 1328 5201 et
1346 5147 1464 5202 &haurit
1482 5153 1569 5206 domus
1587 5167 1635 5208 cet.
