3510 5812
171 415 191 483 7
197 413 217 482 2
761 430 906 481 nonnas

170 606 298 685 imperio
320 606 350 664 in
374 605 428 662 tali
451 622 568 680 quoque
592 605 799 662 communione
822 604 929 662 ceteris
951 604 1106 680 imposito:
1130 604 1159 661 id
1176 606 1254 680 quod
1277 615 1396 683 praeter
1410 605 1504 685 Capi·

172 712 296 770 tolinam
326 705 532 782 Graecumque
563 704 682 765 Cereris
705 705 832 765 Liberae
854 706 938 763 Libri
961 708 1063 765 aedem
1091 727 1129 764 an
1152 725 1282 782 nuquam
1306 707 1420 766 Romae
1442 710 1504 768 fac-

172 827 234 874 tum
257 813 297 870 sit
318 810 431 868 dubito.
475 808 615 885 exempla
637 809 707 866 novi
729 808 822 867 nulla.
839 840 876 850 -
894 808 1103 867 sociandorum
1126 809 1280 869 numinum
1305 829 1414 870 causae
1436 831 1504 870 cum

172 915 279 977 luerint
295 911 474 988 complures,
489 911 668 988 praecipuae
683 912 767 969 fuere
783 929 885 969 eorum
900 911 1039 987 coniugia
1054 920 1143 987 atque
1158 913 1339 988 parentelae.
1377 913 1431 971 sed
1446 914 1506 973 hoc

172 1039 232 1078 non
255 1017 297 1075 ita
319 1014 524 1090 accipiendum
546 1031 612 1072 esse
636 1023 668 1071 ut
689 1014 718 1071 in
742 1012 914 1070 maritorum
938 1013 1022 1071 cellis
1044 1032 1155 1072 uxores
1179 1014 1289 1090 ubique
1311 1025 1506 1075 consecratae

173 1121 281 1180 luerint
302 1117 444 1194 exempla
465 1116 581 1174 docent.
626 1115 668 1173 ita
693 1114 731 1172 ad
752 1114 857 1172 Lunae
885 1114 994 1173 lactum
1023 1125 1070 1173 est
1090 1114 1196 1174 Lunae
1224 1126 1254 1175 et
1276 1116 1342 1178 Soli
1366 1119 1451 1177 cuius
1472 1119 1506 1177 in

173 1222 322 1299 Quirinali
351 1219 494 1295 templum
522 1217 585 1275 tuit.
630 1227 732 1275 contra
760 1215 799 1273 ad
825 1216 978 1292 Apollinis
1005 1217 1116 1276 lactum
1145 1218 1281 1293 Apollini
1311 1227 1339 1276 et
1367 1218 1507 1280 Latonae

175 1327 221 1386 cui
244 1322 388 1399 templum
411 1339 498 1379 suum
521 1320 635 1378 Romae
658 1337 716 1376 non
740 1318 856 1376 uidetur
878 1318 988 1391 fuisse3
1011 1320 1080 1379 item
1103 1319 1140 1378 ad
1163 1320 1296 1380 Telluris
1318 1321 1428 1380 lactum
1448 1320 1506 1381 Ce-

175 1428 232 1487 reri
249 1458 287 1468 -
304 1443 431 1501 quorum
455 1423 608 1481 numinum
631 1420 868 1479 coniunctionem
892 1421 1027 1480 doctrina
1050 1420 1235 1482 Graecanica
1257 1423 1334 1482 male
1360 1424 1508 1502 interpre-

176 1539 239 1590 tata
260 1538 314 1586 est.
359 1525 483 1584 feliciter
510 1534 607 1583 autem
637 1524 736 1580 evenit
766 1533 797 1581 ut
824 1524 1000 1600 templorum
1030 1525 1156 1583 duorum
1177 1522 1315 1584 Castoris
1337 1536 1368 1584 et
1389 1525 1509 1602 Vespa·

177 1633 255 1692 siani
282 1629 389 1687 rudore
418 1634 521 1686 extent
547 1627 589 1684 ita
615 1635 788 1701 comparata
820 1632 851 1683 ut
880 1644 958 1683 nunc
981 1644 1099 1702 quoque
1126 1644 1344 1704 cognoscamus
1371 1628 1509 1707 singulas

178 1734 299 1810 singula
321 1731 413 1790 cellas
437 1728 586 1788 habuisse.
629 1747 685 1787 nec
711 1727 800 1785 lacile
828 1728 986 1804 pristinum
1014 1729 1134 1787 schema
1161 1736 1212 1787 aut
1238 1729 1326 1787 liuius
1349 1730 1432 1789 aedis
1454 1728 1510 1791 Se·

178 1853 266 1896 verns
289 1843 319 1890 et
339 1832 509 1889 Antoninus
532 1839 583 1889 aut
604 1829 685 1889 illius
709 1829 900 1888 Domitianus
924 1831 1035 1906 quique
1062 1839 1167 1906 postea
1196 1831 1390 1890 aedificarunt
1411 1839 1509 1890 muta·

178 1939 289 2007 rerint3
322 1936 413 1992 immo
441 1933 522 1990 illius
550 1933 751 2007 pavimentum
785 1932 894 1990 lactum
924 1942 992 1991 aute
1018 1939 1146 1991 aetatem
1174 1933 1338 1992 Domitiani
1371 1944 1512 2011 superest

179 2039 297 2099 sublato
320 2054 355 2095 eo
378 2034 458 2111 quod
481 2034 529 2092 hic
550 2034 577 2094 ei
598 2043 704 2111 postea
726 2036 937 2111 superstruxit.
982 2036 1065 2110 atqui
1088 2032 1224 2093 Castoris
1251 2036 1338 2094 unius
1361 2037 1511 2112 uniusque

179 2139 360 2217 Vespasiani
382 2138 438 2196 hae
460 2136 550 2195 aedes
572 2137 693 2195 nomina
713 2137 853 2208 habuere,
876 2137 945 2194 licet
961 2133 1095 2194 Castoris
1116 2146 1145 2195 et
1161 2137 1305 2209 Pollucis,
1327 2137 1512 2213 Vespasiani

180 2245 302 2320 Titique
323 2241 445 2300 numina
465 2239 507 2297 ibi
529 2239 606 2297 culta
621 2255 688 2297 esse
710 2247 843 2297 constet:
867 2246 992 2316 apparet
1014 2238 1104 2314 igitur
1119 2238 1271 2299 Pollucem
1289 2259 1348 2299 nou
1364 2240 1428 2315 pari
1445 2240 1512 2298 iure

179 2349 208 2406 in
232 2344 305 2402 aede
329 2342 381 2399 illa
402 2340 614 2418 antiquissima
635 2339 758 2400 Castori
779 2341 883 2412 luisse,
906 2340 1007 2398 Titum
1031 2358 1090 2397 non
1113 2341 1178 2417 pari
1202 2341 1399 2419 Vespasiano.
1431 2341 1511 2401 idem

159 2425 371 2506 ¹statuendum
399 2444 434 2501 de
462 2442 611 2501 Faustina
637 2453 666 2501 et
692 2443 857 2501 Antonino.
908 2443 1008 2518 itaque
1037 2443 1250 2502 vocabulorum
1280 2443 1512 2503 sollemnitatem

180 2550 264 2609 vides
291 2566 391 2605 rerum
419 2553 545 2604 naturae
572 2545 705 2621 iurisque
732 2544 810 2603 sacri
836 2544 953 2623 legibus
980 2544 1115 2620 apprime
1141 2546 1308 2604 convenire.
1359 2546 1411 2604 sed
1438 2546 1514 2604 haec

181 2652 282 2711 omnia
303 2649 465 2726 praefanda
487 2658 572 2705 erant
594 2648 622 2706 ei
644 2646 825 2722 quaestioni,
854 2646 884 2705 in
914 2664 974 2722 qua
1001 2646 1146 2705 soluenda
1168 2665 1223 2706 nos
1246 2666 1324 2706 nunc
1346 2666 1513 2720 versamur,

180 2774 258 2830 quae
281 2759 327 2811 est
347 2751 383 2810 de
406 2749 529 2809 Saturni
552 2749 686 2826 Opisque
709 2748 827 2825 templis
852 2750 890 2807 ad
911 2749 1008 2807 forum
1033 2749 1149 2807 sivein
1173 2747 1323 2824 Capitolio
1347 2749 1422 2808 sitis.

264 2853 313 2912 Ne
335 2853 438 2921 multa,
466 2870 503 2910 ex
532 2850 576 2909 eis
605 2869 681 2926 quae
709 2852 862 2926 hucusque
889 2850 1041 2926 disputavi
1068 2849 1144 2908 effici
1168 2852 1306 2923 arbitror,
1332 2851 1436 2911 aedem
1459 2849 1515 2911 Sa·

183 2956 263 3016 torui
285 2974 361 3024 eam,
384 2954 469 3012 cuius
491 2952 622 3028 porticus
650 2960 718 3010 octo
748 2952 953 3011 columnarum
976 2962 1123 3029 superest,
1152 2972 1303 3031 uunquam
1330 2955 1425 3013 luisse
1451 2953 1514 3012 dic·

184 3070 244 3118 tam
267 3055 345 3132 Opis
372 3065 402 3112 ct
429 3052 562 3126 Saturni,
590 3073 740 3131 nunquam
768 3054 871 3112 aedem
902 3054 980 3130 Opis
1008 3055 1037 3112 in
1061 3052 1221 3130 Capitolio,
1250 3055 1303 3116 sed
1332 3056 1412 3116 omni
1440 3066 1516 3115 tem-

184 3178 257 3236 pore
284 3156 405 3234 proprie
426 3155 535 3213 dictam
562 3173 629 3214 esse
651 3154 774 3214 Saturni
800 3157 841 3214 ad
859 3159 960 3232 sorum
982 3157 1045 3215 siue
1081 3160 1109 3214 in
1124 3159 1204 3231 soro,
1233 3159 1259 3217 si
1282 3160 1401 3234 quidem
1430 3158 1517 3217 nulla

184 3263 289 3319 harum
311 3258 497 3320 locutionum
520 3257 720 3333 discrepantia
742 3269 804 3329 cst3
831 3258 862 3316 in
891 3277 926 3316 ea
948 3268 1046 3316 autem
1073 3260 1147 3318 aede
1173 3260 1267 3318 fuisse
1289 3260 1437 3319 aerarium
1460 3278 1516 3336 po-

184 3362 247 3442 puli
269 3361 413 3431 Romani3
442 3360 591 3418 diversam
618 3359 656 3416 ab
679 3377 715 3416 ea
741 3377 808 3418 esse
836 3359 938 3419 aedem
967 3368 1133 3419 extructam
1161 3372 1229 3420 ante
1252 3380 1278 3420 a.
1302 3362 1362 3421 568
1387 3361 1460 3438 Opia
1484 3366 1518 3420 in

187 3464 341 3541 Capitolio,
367 3464 424 3520 hoc
451 3472 496 3519 est
523 3463 552 3518 in
582 3459 683 3519 m'onte
705 3458 891 3537 Capitolium
919 3472 1072 3538 praetcrea
1099 3467 1261 3523 sacrarium
1288 3462 1359 3539 Opis
1381 3467 1411 3520 ia
1433 3467 1520 3540 sepia

184 3569 291 3627 luisse:
319 3566 392 3623 haec
414 3571 512 3622 autem
536 3572 671 3621 constare
698 3581 754 3621 usu
776 3563 913 3621 sollemni
936 3565 1087 3622 nominum
1119 3566 1148 3623 in
1171 3565 1292 3640 optimis
1314 3566 1518 3624 monumentis
1560 3560 1565 3567 '

185 3669 327 3749 religiose
349 3667 520 3736 observato,
543 3664 670 3741 denique
686 3664 825 3723 ficticium
849 3683 916 3723 esse
939 3665 1054 3724 titolum
1071 3664 1343 3726 Guteustenianum
1367 3685 1426 3744 quo
1449 3667 1519 3727 solo

186 3772 263 3848 Opis
286 3778 316 3828 ct
337 3766 459 3829 Saturni
486 3768 569 3826 aedis
597 3786 703 3825 nomen
730 3767 906 3826 continetur.
958 3768 1017 3825 iam
1047 3770 1188 3844 quoniam
1218 3767 1322 3828 Cereri
1350 3779 1379 3827 et
1401 3768 1520 3828 Telluri

186 3874 224 3933 ad
246 3871 390 3943 Telluris,
413 3868 477 3932 Soli
500 3881 531 3930 et
551 3868 656 3927 Lunae
679 3868 717 3926 ad
736 3867 841 3927 Lunae
863 3870 926 3927 fieri
952 3871 1072 3930 solitum
1096 3888 1161 3929 esse
1184 3870 1324 3940 uidimus,
1346 3871 1520 3930 Pollucem·

187 3997 244 4054 que
266 3975 297 4032 in
319 3973 421 4033 fratris
443 3972 578 4050 germani
605 3970 678 4030 aede
704 3981 910 4031 consecratum
932 3972 1036 4044 fuisse,
1066 3991 1138 4031 saue
1166 3983 1291 4050 apparet
1317 3990 1369 4031 cur
1398 3972 1457 4048 Opi
1477 3975 1523 4032 od

178 4080 278 4153 sorum
302 4074 449 4152 Opalibus
472 4075 535 4133 fieri
559 4073 688 4151 potuerit
715 4074 752 4130 ad
775 4071 906 4132 Saturni.
950 4075 1060 4148 quodsi
1084 4075 1289 4151 Opieorrsiriis
1320 4075 1428 4133 laetum
1452 4092 1521 4135 esse

190 4180 248 4255 Opi
269 4183 299 4235 iu
316 4177 457 4254 Capitolio
480 4177 622 4236 scribitur
643 4177 674 4234 iu
696 4175 901 4253 lremerologio
918 4174 1066 4247 l'allensi,
1089 4178 1195 4252 dieque
1219 4176 1386 4253 insequenti
1408 4174 1522 4253 (opst)

187 4285 217 4338 iu
240 4283 331 4355 repta,
352 4281 427 4337 haec
450 4297 537 4338 saera
560 4277 633 4336 nibil
654 4277 803 4353 pertinent
825 4277 861 4335 ad
886 4277 987 4335 aedem
1004 4275 1140 4349 Saturni3
1164 4279 1291 4355 pertinet
1314 4277 1388 4336 illud
1409 4278 1448 4336 ad
1469 4296 1520 4336 ae-

189 4382 256 4441 dem
279 4379 492 4458 Capitolinam.
536 4380 714 4456 relinquitur
743 4398 859 4438 sacrum
887 4379 917 4437 in
946 4380 1012 4438 solo
1034 4381 1190 4439 Arvalium
1218 4379 1422 4457 hemerologio
1445 4378 1522 4437 Vol·

188 4484 344 4542 canalibus
375 4485 536 4559 ascriptum
564 4481 620 4559 Opi
641 4481 809 4557 opifer(ae).
854 4482 901 4539 cui
931 4498 1017 4539 sacro
1045 4502 1110 4541 cum
1138 4482 1297 4558 praecedat
1324 4480 1400 4539 illud
1428 4480 1522 4556 [uptu-

186 4586 269 4661 p]lu'a
296 4589 325 4643 in
348 4604 467 4660 canapo,
491 4585 692 4659 subsequatur
713 4585 790 4642 illud
809 4583 957 4658 Quir(iuo)
979 4588 1008 4641 la
1030 4584 1122 4654 colle,
1145 4583 1354 4661 Klirgmannus
1376 4591 1475 4640 autem
1491 4583 1523 4639 in

190 4686 336 4745 addendis
359 4688 504 4745 Actorum
532 4696 650 4745 tuorum
674 4705 702 4761 p.
727 4686 786 4744 234
816 4686 943 4745 feliciter
969 4685 1211 4744 animadverterit
1237 4703 1391 4743 sacrorum
1417 4685 1448 4742 in
1470 4685 1524 4743 he·

191 4788 365 4864 merologiis
388 4787 515 4866 singulis
538 4788 643 4847 diebus
667 4788 865 4865 ascripturum
888 4787 1023 4846 ordinem
1044 4788 1173 4865 pendere
1202 4786 1372 4845 alocorum
1395 4785 1524 4844 nomini·

190 4892 246 4949 bus
268 4909 322 4967 per
343 4891 459 4949 litteras
476 4891 611 4968 digestis,
633 4890 746 4967 liquido
770 4900 894 4967 apparet
909 4889 986 4967 Opis
1006 4890 1139 4967 opiferae
1163 4908 1280 4948 sacrum
1297 4905 1389 4964 posse
1410 4887 1524 4947 factum

191 5010 260 5052 esse
283 4997 313 5050 ia
337 4991 491 5068 Capitolio
513 4992 608 5067 (quod
622 4992 712 5051 luerit
727 4993 757 5049 in
780 4991 904 5068 lapide),
926 4991 1045 5068 plenum
1061 4991 1152 5069 igitur
1168 4989 1355 5067 Capitolinae
1370 4989 1453 5046 aedis
1468 5006 1524 5047 no-

191 5112 258 5151 men
285 5093 379 5152 luisse
405 5112 495 5172 posse
524 5093 601 5171 Opis
630 5094 772 5171 Opiterae
800 5096 830 5152 in
858 5092 1009 5170 Capitolio
1044 5094 1134 5170 idque
1160 5093 1280 5170 egregie
1305 5091 1454 5168 quadrare
1483 5092 1522 5149 ad
