3510 5812
209 492 256 562 86
545 508 729 560 nonusan
757 506 942 558 nnarnnon.
973 506 1201 556 annrraa'vn.

290 685 340 742 Ab
363 683 457 740 altera
479 691 565 757 parte
587 681 696 756 lapidis
719 680 861 756 scriptum
885 688 933 737 est
957 693 1028 736 seve
1049 679 1159 737 litteris
1181 679 1353 739 maioribus.

290 787 428 861 Apparet
442 785 499 842 hoc
519 784 687 859 fragmento
708 802 765 840 non
789 781 955 839 continuari
971 780 1090 856 quidem
1108 782 1234 840 alterum
1250 793 1339 842 antea
1353 792 1466 857 notum,
1490 785 1544 842 sed

209 905 321 964 paucos
344 904 451 946 versus
474 887 551 944 inter
573 905 609 943 ea
631 884 794 954 excidisse3
822 886 878 942 boe
900 885 977 942 euim
1001 884 1208 961 complectitur
1229 885 1292 943 dies
1315 888 1392 964 Aug.
1412 887 1544 945 11-19.

208 988 294 1047 Unde
309 989 380 1066 quid
396 989 519 1047 notitiae
534 996 655 1046 nostrae
670 986 706 1044 de
720 986 924 1044 Romanorum
940 988 1030 1044 rebus
1046 987 1140 1044 sacris
1157 987 1289 1058 accedat,
1311 989 1369 1046 iarn
1385 989 1544 1047 enarrabo.

290 1091 369 1169 Aug.
395 1090 442 1148 12.
481 1089 666 1151 Sacrificium
691 1099 862 1165 utrumque,
886 1088 1010 1146 Herculi
1040 1089 1150 1146 invicto
1179 1090 1218 1146 ad
1245 1089 1353 1148 circum
1376 1091 1543 1149 maximum

206 1203 236 1251 et
250 1192 359 1250 Veneri
381 1192 506 1263 victrici,
528 1191 645 1250 Honori
662 1191 783 1260 Virtuti,
806 1191 958 1249 Felicitati
980 1192 1011 1249 in
1034 1190 1150 1248 theatro
1168 1190 1303 1267 Pompeii
1327 1193 1448 1251 aliunde
1470 1202 1544 1250 nota

207 1302 277 1353 suut
299 1295 340 1370 (v.
364 1313 393 1370 p.
407 1294 491 1369 399).
529 1293 565 1351 ln
588 1291 718 1350 secundo
741 1301 838 1349 tamen
862 1293 930 1351 susti
953 1295 983 1350 bi
1006 1293 1134 1350 litteram
1158 1293 1339 1368 singularem
1361 1312 1383 1351 v
1405 1294 1544 1353 inserunt

207 1397 284 1454 inter
309 1396 463 1455 Honorem
488 1395 636 1454 Virtutem
663 1403 693 1452 et
717 1393 912 1463 Felicitatem,
947 1413 1023 1471 quae
1049 1395 1120 1471 quid
1148 1396 1307 1471 significet,
1341 1415 1399 1454 non
1434 1396 1541 1474 liquet.

207 1497 340 1557 Numina
365 1499 439 1557 haec
460 1516 496 1556 ea
524 1506 602 1568 sunt,
633 1496 742 1573 quibus
764 1496 926 1572 Pompeius
950 1498 1095 1554 theatrum
1119 1515 1205 1555 suurn
1229 1497 1448 1574 quodammodo
1471 1518 1544 1557 con-

207 1605 349 1670 secrar113
372 1601 436 1658 fieri
461 1608 568 1676 potest,
592 1610 624 1657 ut
645 1598 683 1656 ad
699 1597 852 1656 Honorem
869 1609 899 1655 et
914 1597 1061 1656 Virtutem
1077 1598 1250 1658 adiunxerit
1270 1603 1338 1657 item
1355 1598 1539 1671 Valentiam,

210 1721 392 1778 quamquam
415 1703 446 1760 id
467 1721 576 1759 numen
599 1701 630 1758 in
652 1700 725 1759 urbe
747 1701 858 1759 cultum
883 1718 950 1757 esse
973 1701 1093 1759 aliunde
1111 1702 1191 1777 quod
1215 1702 1310 1760 seiam
1332 1721 1391 1759 uon
1414 1709 1543 1760 constat.

207 1803 256 1862 De
271 1804 406 1862 Victoria
427 1805 506 1862 enim
522 1823 580 1861 non
604 1803 806 1879 cogitaverim,
830 1821 894 1859 etim
912 1822 948 1859 ea
969 1803 1009 1860 sit
1030 1807 1098 1878 ipsa
1113 1804 1216 1862 Venus
1232 1804 1339 1861 victrix
1363 1804 1406 1879 (v.
1423 1803 1544 1862 Becker

208 1916 269 1983 top.
292 1925 322 1983 p.
339 1906 399 1966 676
422 1925 556 1983 quaeque
579 1905 737 1962 observari
760 1906 851 1962 roll
874 1924 902 1980 p.
920 1904 979 1964 397
1003 1905 1041 1964 ad
1056 1906 1121 1963 lul.
1148 1905 1209 1981 19).

291 2008 370 2084 Aug.
389 2008 436 2066 13.
480 2007 578 2066 Notae
601 2017 670 2065 sunt
696 2007 787 2065 feriae
816 2007 895 2079 Iovi,
922 2006 1041 2066 Dianae
1068 2009 1099 2065 in
1121 2009 1288 2080 Aventino,
1311 2009 1479 2066 Vortumno
1509 2007 1542 2066 in

208 2112 369 2183 Aventino,
393 2108 511 2169 Castori
527 2109 644 2169 Polluci
667 2109 697 2166 iu
719 2110 797 2167 circo
818 2108 981 2182 Flaminio;
1006 2129 1100 2168 norae
1123 2111 1268 2169 accedunt
1289 2111 1378 2169 binae
1400 2109 1544 2169 Herculis

207 2222 237 2271 et
257 2213 376 2272 Florae.

290 2314 433 2374 Herculis
460 2315 581 2373 victoris
608 2316 683 2372 duas
706 2315 795 2372 aedes
819 2314 932 2373 Romae
954 2315 1050 2374 fuisse
1072 2315 1169 2373 Varro
1192 2315 1296 2374 scribit
1319 2316 1411 2392 (apud
1426 2314 1544 2373 Macro-

210 2417 290 2475 bium
314 2430 370 2476 sat.
387 2417 415 2489 3,
434 2417 461 2476 b.
481 2418 518 2475 lo
540 2427 569 2475 et
584 2414 721 2476 Serrium
738 2416 774 2474 ad
792 2418 867 2474 Aen.
885 2417 913 2487 8,
931 2416 1015 2491 363),
1038 2436 1125 2475 unam
1142 2417 1180 2474 ad
1203 2428 1320 2492 portam
1342 2417 1543 2492 trigeminam,

207 2519 330 2577 alteram
365 2521 394 2577 in
427 2520 494 2577 foro
526 2520 630 2578 boario
663 2518 727 2577 sive
760 2520 789 2575 in
823 2520 903 2577 circo
930 2519 1075 2585 maximo,
1109 2538 1177 2576 nam
1207 2528 1331 2594 utraque
1361 2519 1545 2578 indicatione

208 2621 334 2680 eundern
356 2621 452 2679 locum
476 2621 639 2699 significari
658 2620 787 2678 Rossius
810 2620 894 2694 (ann.
915 2621 983 2679 inst.
1004 2621 1082 2679 1854
1105 2639 1132 2695 p.
1151 2621 1185 2678 31
1203 2619 1280 2696 seq.)
1303 2621 1467 2679 luculenter
1490 2620 1545 2677 de·

208 2725 396 2782 monstravit.
441 2724 481 2780 Et
502 2723 577 2780 haee
598 2721 718 2798 quidem
741 2723 951 2797 antiquissima
974 2730 1020 2781 est
1037 2721 1195 2780 Euandrea
1217 2724 1376 2780 coniuncta
1397 2741 1464 2780 cum
1489 2741 1545 2780 aru

208 2826 342 2882 maxima
362 2825 487 2900 eiusque
502 2822 643 2881 Herculis
659 2823 792 2881 Victoris
814 2824 905 2881 ferias
921 2823 1129 2882 celeberrimas
1146 2823 1235 2880 modo
1251 2823 1379 2882 vidimus
1395 2823 1544 2883 celebrari

208 2924 255 2982 die
281 2925 417 3000 proxime
448 2924 652 2999 praecedente.
700 2924 789 2982 Alter
810 2923 957 2982 Hercules
981 2925 1075 2983 victor
1104 2944 1170 2983 cum
1199 2934 1353 3000 praeterea
1379 2945 1438 2983 uon
1461 2942 1542 2981 com·

208 3033 388 3083 memoretur
411 3026 460 3101 (cf.
476 3026 590 3084 Becker
612 3035 672 3100 top.
687 3044 715 3101 p.
733 3024 819 3100 476),
843 3043 914 3083 saue
937 3026 1068 3084 notabile
1088 3036 1134 3085 est
1154 3026 1246 3085 ferias
1268 3028 1333 3085 eius
1356 3027 1487 3085 incidere
1509 3027 1543 3084 in

209 3126 286 3186 diem
309 3129 547 3203 subsequentem.

292 3228 402 3287 Florae
424 3230 513 3288 aedes
534 3228 572 3285 ad
587 3228 697 3286 circum
713 3229 876 3286 maximum
900 3238 931 3287 ut
953 3229 1027 3288 satis
1044 3244 1114 3287 notu
1136 3239 1182 3288 est
1198 3230 1338 3305 (Tacitus
1354 3249 1421 3288 aun.
1439 3229 1469 3300 9,
1485 3230 1544 3300 49;

207 3329 325 3388 Becker
349 3340 408 3405 top.
432 3350 460 3407 p.
477 3332 547 3388 473.
566 3328 655 3404 673),
683 3330 726 3387 ita
752 3330 844 3388 serias
866 3331 931 3389 cius
954 3331 1026 3390 deae
1049 3332 1149 3390 nullas
1171 3331 1268 3390 adbuc
1290 3349 1431 3389 noramus
1455 3350 1543 3407 prue-

210 3440 256 3489 ter
277 3432 486 3490 celeberrimas
503 3435 576 3509 Apr.
596 3430 636 3488 28
653 3442 681 3488 et
696 3431 767 3490 Mai.
785 3432 802 3488 3
819 3451 884 3490 cum
906 3431 985 3490 ludis
1001 3433 1172 3492 Floralibus
1195 3438 1368 3492 coniunctas
1390 3431 1433 3506 (v.
1449 3432 1509 3491 vul.
1528 3434 1545 3491 I

208 3554 238 3610 p.
256 3531 341 3609 392).
387 3532 475 3606 Quod
498 3535 556 3591 iam
571 3533 753 3610 intellegitur
768 3535 864 3592 eidem
886 3535 955 3592 item
972 3533 1020 3591 die
1035 3536 1114 3613 Aug.
1134 3538 1170 3594 13
1195 3554 1312 3594 sacrum
1334 3535 1445 3592 sactum
1461 3551 1544 3606 esse,

208 3639 347 3709 componi
369 3645 468 3712 potest
482 3654 549 3693 curn
572 3646 643 3695 nota
658 3635 870 3695 consuetudine
885 3637 931 3694 bis
954 3654 1007 3710 per
1029 3656 1139 3694 annum
1155 3638 1319 3696 violatione
1337 3648 1366 3695 et
1387 3638 1543 3695 rosatione

208 3736 347 3812 sepulcra
369 3737 536 3795 celebrandi
543 3758 551 3809 3
575 3746 710 3813 tempora
731 3744 831 3795 tamen
853 3755 1041 3814 nequaquam
1064 3740 1252 3798 conveniunt.

291 3841 370 3914 Aug.
390 3840 424 3895 17
448 3858 525 3915 quae
551 3839 761 3898 adscribuntur
786 3841 879 3898 feriae
902 3839 1036 3898 Portuno
1059 3841 1095 3897 ad
1123 3851 1243 3916 pontem
1266 3839 1438 3912 Aemilium,
1465 3839 1542 3899 Iano

207 3940 245 3997 ad
267 3940 416 3998 theatrum
439 3942 584 4014 Marcelli,
607 3943 676 3999 item
700 3942 780 4018 quod
803 3945 882 4018 Aug.
902 3941 938 3999 18
967 3961 1084 4001 sacrum
1108 3943 1141 4000 lit
1168 3942 1235 3999 divo
1263 3941 1341 3998 lulio
1369 3941 1406 3999 ad
1429 3942 1541 4015 lorum,

207 4042 309 4099 omnia
329 4049 403 4100 nota
425 4052 504 4101 sunt.

290 4144 368 4219 Aug.
390 4143 425 4201 19
454 4144 517 4202 dies
541 4144 689 4202 Vinalium
719 4156 820 4203 notam
849 4145 938 4201 babet
964 4147 994 4203 in
1017 4146 1064 4203 bis
1092 4144 1176 4202 lastis
1205 4156 1237 4202 ut
1264 4145 1294 4201 in
1321 4144 1486 4203 Antiatinis
1514 4162 1542 4216 s,

208 4263 274 4301 eum
297 4249 328 4302 in
351 4245 419 4303 aliis
442 4247 481 4303 sit
503 4261 571 4316 se,
592 4246 623 4303 in
645 4247 713 4303 aliis
736 4262 765 4302 rr
790 4245 872 4318 (ride
894 4265 986 4321 supra
1006 4265 1035 4321 p.
1053 4245 1095 4319 8).
1134 4244 1240 4304 Feriae
1264 4246 1326 4303 lovi
1350 4256 1447 4304 autem
1470 4244 1543 4304 buic

206 4344 266 4402 diei
294 4345 464 4421 adscriptae
493 4354 524 4404 ut
549 4346 675 4405 aFesto
704 4346 746 4424 (p.
765 4345 839 4421 265)
866 4356 990 4404 testatae
1018 4354 1096 4411 suut,
1125 4347 1167 4404 ita
1193 4349 1224 4406 in
1250 4348 1337 4406 lastis
1362 4346 1542 4405 marmoreis

207 4464 286 4504 nune
308 4448 437 4522 primurn
460 4457 632 4522 comparent
653 4446 758 4521 (roll
781 4468 810 4525 p.
827 4446 912 4522 399).

291 4546 431 4623 Denique
454 4557 487 4606 ut
509 4549 624 4621 amicis,
652 4549 703 4625 qui
725 4549 831 4607 borum
854 4549 1000 4607 fastorum
1023 4550 1140 4627 copiam
1168 4552 1256 4610 uobis
1278 4552 1419 4622 fecerunt,
1447 4550 1540 4609 etiam

208 4667 310 4706 eorum
338 4650 389 4724 qui
417 4651 490 4709 bace
518 4652 618 4727 legent
645 4651 763 4707 nomine
789 4651 902 4726 gratias
930 4651 1058 4729 agimus,
1086 4652 1129 4709 ita
1156 4662 1226 4710 vota
1254 4670 1476 4730 nuncupamus,
1507 4659 1543 4710 ut

208 4750 346 4826 egregiae
368 4752 425 4810 bae
447 4752 592 4827 reliquiae
621 4771 692 4810 mox
715 4752 784 4809 datu
811 4770 903 4826 opera
924 4753 1149 4829 investigentur.
1192 4752 1271 4811 Nam
1299 4766 1456 4830 postquam
1480 4752 1542 4811 duo

207 4851 375 4928 fragmenta
397 4854 439 4910 ita
461 4872 533 4911 casu
556 4864 748 4925 emerserunt,
776 4871 834 4910 non
864 4854 929 4911 sine
958 4872 1048 4912 causa
1071 4854 1184 4931 sperari
1212 4864 1311 4929 potest
1332 4854 1396 4912 fore
1416 4863 1449 4912 ut
1470 4853 1543 4913 reli·

208 4971 268 5028 qua
283 4971 402 5029 quoque
424 4973 484 5012 non
499 4956 599 5014 omnia
620 4965 738 5031 tempus
761 4953 936 5024 aboleverit,
959 4956 1010 5012 scd
1035 4956 1187 5030 supersint
1208 4955 1268 5013 alia
1289 4955 1385 5013 adhue
1407 4954 1541 5014 defossa.

1241 5056 1300 5114 Tu.
1324 5057 1495 5115 Mouusan.
