3510 5812
324 474 372 544 90
755 489 1057 540 Anniuairuu‘rvu
1084 490 1168 540 voe.
1188 490 1217 540 11

406 665 512 741 Itaque
540 663 629 722 etiam
651 663 707 720 hoe
735 682 843 722 novum
866 673 1016 740 repertum
1044 681 1225 739 quamquam
1248 665 1343 721 bonae
1367 664 1462 741 frugis
1484 665 1606 743 plenum
1631 674 1666 725 et

302 767 526 845 *gratissimum
554 767 619 823 aine
649 766 740 823 dubio
767 785 825 823 non
850 766 936 824 nobis
960 775 1073 823 tentum
1097 765 1149 824 sed
1172 765 1311 824 omnibus
1335 767 1524 842 antiquitatis
1546 767 1664 826 Roma·

323 889 380 928 nae
408 869 543 944 iurisque
569 868 745 938 cultoribus,
773 868 838 927 eius
866 869 972 945 partis,
995 886 1071 943 quae
1098 876 1150 925 aut
1171 869 1260 944 periit
1282 878 1333 926 aut
1354 869 1484 927 nondum
1506 871 1537 927 in
1560 869 1662 930 lucem

324 972 444 1051 prodiit,
468 970 647 1028 desiderium
671 970 765 1045 magis
788 980 876 1046 auget
897 988 986 1045 quam
1012 970 1120 1044 explet.
1164 968 1272 1047 Neque
1296 963 1367 1028 vero
1390 971 1505 1030 videtur
1531 976 1687 1048 prorsus

324 1072 542 1152 desperandum
570 1089 647 1144 esse,
677 1072 750 1147 quin
777 1073 828 1147 qui
855 1072 964 1130 tabulis
993 1072 1136 1149 septimae
1159 1065 1188 1130 e‘t
1213 1091 1310 1130 nonae
1332 1072 1481 1131 addiderit
1498 1081 1609 1134 'sextae
1632 1082 1664 1133 et

323 1177 444 1253 quintae
471 1184 583 1253 partes,
610 1173 687 1233 idem
715 1191 804 1232 casus
830 1175 905 1232 artis
934 1174 1022 1232 huius
1050 1174 1263 1251 epigraphieae
1289 1176 1363 1233 deus
1393 1192 1536 1247 summus,
1565 1193 1661 1254 saepe
1739 1254 1747 1275 1

324 1279 444 1337 invidus
471 1288 501 1335 et
527 1277 652 1346 condus,
680 1276 733 1333 sed
760 1295 820 1334 non
846 1295 916 1334 raro
942 1276 1012 1333 item
1042 1277 1191 1352 propitius
1220 1287 1249 1334 et
1275 1295 1408 1354 promus,
1435 1297 1496 1336 non
1519 1279 1661 1337 ultimum
1740 1278 1747 1327 3-

326 1383 384 1440 hoe
407 1382 494 1439 nobis
516 1379 624 1436 donum
648 1379 775 1455 largitus
799 1379 848 1436 sit.

410 1483 542 1541 Prodeat
569 1482 686 1540 interim
714 1489 814 1539 textus
842 1480 1010 1538 tabularum
1038 1499 1183 1540 novarum
1211 1482 1249 1539 ad
1276 1491 1384 1560 ectypa
1410 1492 1549 1542 accurate
1570 1501 1590 1540 a
1612 1503 1663 1544 me
1743 1482 1747 1567 j

327 1603 470 1644 exeussus
477 1605 485 1655 3
509 1584 644 1661 sequitur
664 1583 743 1641 infra
758 1583 935 1641 Mommseni
957 1583 1195 1641 commentarius.
1237 1583 1461 1657 Litteraturam‚
1484 1584 1567 1645 utin
1590 1604 1663 1662 par·

327 1689 406 1746 tibus
426 1688 485 1744 ium
506 1687 596 1757 notis,
619 1686 726 1744 aetatis
740 1684 864 1743 Flaviae
878 1703 946 1744 esse
962 1685 1072 1743 claram
1088 1687 1264 1762 plerumque
1286 1696 1317 1744 et
1330 1688 1531 1765 perspicuam,
1554 1707 1662 1764 quam·
1741 1716 1747 1737 ι

327 1808 415 1865 quam
439 1808 498 1847 non
520 1806 644 1864 prorsus
667 1788 852 1862 aequabilem
882 1786 1004 1864 (prioris
1032 1788 1110 1845 enim
1133 1788 1254 1846 tabulae
1277 1789 1387 1864 pagina
1409 1791 1507 1862 tertia,
1534 1789 1662 1851 alterius

327 1892 453 1949 sortasse
478 1890 611 1949 secunda
639 1891 677 1947 ab
704 1890 763 1947 aiio
792 1889 981 1966 quadratario
1005 1890 1141 1948 videntur
1162 1890 1275 1947 incisae
1300 1909 1365 1948 esse
1387 1903 1476 1967 atque
1499 1892 1663 1968 reliquae),

328 1995 454 2070 paginas
477 1993 610 2068 singulas
634 2009 773 2050 versuum
796 1992 846 2062 38,
870 1992 908 2050 39
931 1999 960 2048 et
981 1993 1021 2050 40
1044 2010 1121 2062 esse,
1144 1993 1195 2049 vix
1218 1993 1360 2068 estquod
1383 1993 1491 2051 diserte
1511 2013 1662 2053 moneam.

329 2094 470 2155 Ceterum
491 2113 608 2152 errores
631 2094 761 2171 quidum,
784 2111 858 2170 quos
874 2095 1087 2152 commiserunt
1108 2105 1160 2152 aut
1177 2094 1361 2169 quadratarii
1385 2105 1436 2153 aut
1458 2096 1584 2166 scribae,
1608 2097 1665 2172 qui
1724 2076 1727 2081 Ι

329 2197 421 2256 verba
441 2197 518 2273 legis
534 2205 724 2271 exceperunt,
745 2196 817 2255 item
839 2196 988 2254 litterulae
1003 2215 1127 2273 paucae,
1150 2215 1227 2272 quae
1242 2197 1394 2273 perierunt
1414 2199 1445 2256 in
1467 2197 1593 2271 lacunis,
1615 2198 1666 2257 in·

328 2300 375 2357 fra
397 2300 578 2358 notabuntur
600 2300 631 2357 in
654 2299 866 2358 commentario
889 2298 1001 2357 critico.

1372 2403 1454 2460 Anu.
1470 2400 1617 2461 Hdunua.
