3510 5812
224 477 293 546 178
805 488 951 549 atauus

217 687 317 746 posse,
345 687 422 744 quac
449 681 669 744 procuratorem
697 690 817 728 movere
845 673 977 746 potuerit
1003 672 1041 728 atl
1068 672 1176 729 baluea
1202 672 1308 730 incolis
1340 672 1546 731 interdicenda

218 789 313 845 neque
341 772 471 847 intellegi
498 793 550 830 cur
580 772 779 831 excludantur
801 791 909 830 causac
932 774 1010 832 aliae
1032 791 1117 832 usum
1140 774 1314 831 balneorum
1336 775 1544 852 impedientes,

217 875 322 947 quales
346 885 416 930 suut
437 875 538 932 hostes
561 875 740 947 latronesre‚
763 876 942 947 incendium,
966 887 1062 935 terrae
1085 889 1194 947 motus,
1217 877 1374 936 similiave.
1418 876 1546 952 Requiri

217 976 308 1051 igitur
334 978 505 1034 necessario
534 978 700 1035 cautionem
731 996 807 1053 quae
835 980 1049 1054 complectatur
1076 997 1183 1037 causas
1212 996 1315 1037 ontnes
1347 998 1424 1054 quac
1458 997 1546 1036 usum

217 1077 389 1136 balneorum
416 1079 459 1136 ita
480 1079 654 1154 impediant,
677 1090 708 1137 ut
728 1081 891 1138 conductor
906 1093 991 1139 extra
1009 1082 1124 1158 culpam
1147 1082 1195 1139 sit.
1239 1081 1368 1158 Propter
1381 1100 1437 1157 qao
1452 1085 1546 1139 minat

218 1181 377 1254 particulas
410 1199 487 1255 quae
520 1193 658 1240 secuntur
684 1185 781 1259 ipsum
810 1185 989 1259 impediendi
1016 1184 1229 1260 prohibendive
1251 1184 1428 1244 vocabulum
1458 1201 1547 1242 usur·

217 1292 319 1358 patum
342 1284 436 1341 luisse
458 1285 613 1361 probabile
636 1296 689 1344 est.
734 1287 869 1344 Larandi
892 1297 989 1345 autem
1014 1287 1190 1346 vocabulum
1217 1287 1408 1346 intransitiva
1429 1284 1546 1361 signifi·

217 1387 333 1444 catione
361 1406 449 1462 quam
479 1386 581 1445 dicunt
602 1388 732 1446 indicare
755 1397 853 1463 potest
879 1389 974 1465 ipsius
995 1389 1096 1447 balnei
1120 1408 1204 1448 usum
1236 1409 1331 1467 neque
1352 1389 1440 1446 facile
1464 1387 1545 1446 vide·

217 1499 266 1546 tur
288 1489 390 1547 referri
412 1507 502 1562 posse
525 1491 561 1546 ad
585 1492 747 1548 alienorum
771 1493 987 1568 purgationem,
1003 1510 1079 1567 quae
1102 1493 1238 1569 proxime
1260 1491 1425 1568 praecedit;
1448 1508 1545 1565 quan·

216 1610 304 1666 quam
337 1592 548 1668 grammaticae
582 1592 664 1667 leges
701 1594 788 1651 talem
818 1596 1049 1670 explicationem
1080 1595 1216 1653 videntur
1244 1595 1379 1652 suadere.
1429 1590 1545 1651 Contra

217 1694 289 1751 illud
316 1693 403 1750 facile
429 1694 622 1769 intellegitur,
650 1696 675 1752 si
703 1715 795 1753 causa
821 1698 949 1772 quadarn
977 1697 1100 1755 fortuita
1124 1696 1171 1754 vel
1201 1704 1326 1754 externa
1347 1695 1448 1754 balnei
1469 1712 1545 1755 usus

215 1796 377 1871 impeditus
399 1795 496 1867 suerit,
519 1807 580 1853 tum
604 1798 668 1854 eius
691 1799 842 1873 temperis,
869 1819 928 1874 quo
952 1801 1115 1857 conductor
1136 1798 1275 1857 balneum
1296 1805 1376 1856 recte
1399 1799 1543 1873 praebere

217 1917 275 1956 nou
298 1899 437 1972 potuerit,
464 1899 637 1973 pensionem
661 1919 679 1955 a
701 1902 791 1959 totius
813 1896 969 1978 vectigalis
998 1919 1115 1960 summa
1136 1902 1297 1959 detractam
1319 1918 1396 1960 esse.
1443 1897 1542 1959 Simili

216 2021 253 2058 ex
276 2018 368 2058 causa
390 2001 562 2058 conductori
585 2002 673 2058 ctiam
697 2002 732 2061 de
760 2005 866 2079 lignis,
897 2024 974 2081 quae
1000 2005 1031 2061 in
1059 2022 1145 2062 usum
1173 2003 1271 2061 balnei
1299 2011 1404 2079 parata
1426 2002 1469 2075 (v.
1487 2000 1541 2076 28)

217 2122 334 2179 semper
361 2106 469 2164 habere
492 2106 588 2178 debet,
617 2114 760 2182 utsupra
783 2107 921 2176 vidimus,
949 2108 1021 2164 nihil
1047 2106 1175 2164 rendere
1196 2107 1375 2183 permittitur
1397 2112 1541 2181 quaestus

215 2225 307 2265 causa
327 2217 445 2282 praeter
468 2209 647 2266 recisamina
667 2208 800 2279 inutilia3
823 2209 847 2267 si
868 2218 972 2266 contra
994 2208 1073 2279 fecit,
1096 2209 1190 2266 multa
1208 2209 1235 2266 ei
1257 2209 1365 2267 dieitur
1383 2207 1458 2265 fisco
1480 2205 1541 2264 sol·

215 2310 311 2366 venda
338 2320 389 2367 aut
415 2312 446 2369 in
476 2312 610 2387 singulas
634 2310 820 2370 venditiones
842 2310 889 2385 (ut
910 2312 991 2369 infra
1012 2330 1039 2367 v.
1056 2311 1092 2367 41
1117 2315 1149 2368 ia
1170 2311 1302 2386 stapulas
1320 2308 1542 2386 prohibitiones)

215 2423 267 2471 aut
298 2415 328 2471 iu
362 2414 494 2488 singulas
527 2415 674 2490 lignorum
704 2415 809 2484 velres;
842 2414 874 2471 id
902 2413 982 2489 quod
1010 2413 1249 2471 Mommsenus
1279 2423 1400 2490 propter
1427 2411 1542 2470 multae

215 2516 445 2590 magnitudinem
467 2518 609 2592 praetulit
631 2517 793 2575 secundum
816 2516 986 2592 exemplum
1008 2515 1071 2573 noti
1093 2515 1170 2573 tituli
1193 2515 1299 2572 urbani
1321 2512 1371 2589 (C.
1392 2515 1414 2572 l.
1435 2512 1470 2571 L.
1495 2512 1541 2571 v1

217 2618 320 2693 1585),
354 2619 384 2676 in
412 2637 470 2694 quo
498 2624 637 2694 liquorom
663 2621 743 2677 celtes
770 2621 862 2676 decem
891 2630 1101 2677 memorantur.
1146 2615 1260 2675 Contra
1290 2619 1316 2674 si
1349 2615 1542 2674 conductoris

214 2719 317 2794 aliqua
343 2721 430 2796 culpa
452 2722 493 2794 (v.
511 2721 564 2796 30)
594 2721 692 2780 balnei
721 2739 794 2779 usus
822 2721 989 2797 impeditur,
1017 2729 1191 2796 procurator
1217 2720 1340 2777 multam
1367 2718 1541 2776 conductori

215 2823 312 2881 dicere
334 2833 433 2899 potest
453 2825 523 2881 item
546 2843 601 2900 pro
624 2832 691 2881 rata
713 2823 854 2899 temporis
877 2833 958 2897 puto,
982 2842 1035 2899 per
1049 2823 1127 2899 qued
1149 2822 1311 2898 probibitio
1330 2821 1466 2891 durabat,
1489 2840 1541 2879 ne·

214 2943 271 2999 que
295 2944 365 2982 vero
388 2944 479 3001 supra
500 2927 668 2984 sestertium
691 2927 834 2984 ducentos
857 2944 1003 2983 nummos.

61 3030 204 3081 Ivsutrini
299 3025 443 3086 Secuntur
475 3027 512 3085 de
540 3029 654 3086 sutrino
687 3029 833 3085 tonstrino
866 3028 1017 3086 fullonicia
1051 3033 1210 3103 praecepta
1233 3045 1299 3085 cum
1333 3026 1453 3085 balineo
1485 3026 1541 3084 ali·

74 3128 97 3160 v.
107 3114 189 3162 32-37

213 3148 272 3205 quo
300 3100 504 3188 similitudinis
531 3131 649 3188 vinculo
676 3131 843 3189 coniuncta.
888 3130 1003 3190 Sutrini
1025 3130 1188 3187 conductor
1213 3131 1285 3204 quid
1312 3139 1468 3205 praestare
1489 3128 1542 3186 de·

213 3234 282 3291 beat
309 3234 337 3290 in
368 3233 536 3291 universum
564 3242 677 3290 tantum
700 3234 922 3310 praescribitur.
966 3230 1035 3290 Non
1064 3230 1257 3290 calciamenta
1283 3242 1398 3290 tantum
1428 3231 1470 3306 (v.
1487 3230 1541 3305 36)
1606 3282 1614 3301 ,

110 3367 115 3377 ·
213 3335 308 3393 omnis
326 3335 443 3410 generis
460 3335 616 3393 sedetiam
632 3336 798 3394 loramenta
812 3356 879 3394 eum
896 3345 1048 3412 praestare
1064 3334 1202 3393 debuisse
1218 3335 1379 3410 clavosque
1393 3333 1541 3411 caligares

78 4674 101 4723 V
121 4674 191 4723 Tou·

100 4758 173 4807 strini

77 4855 100 4888 v.
115 4842 196 4890 :tt-tt

213 3437 278 3513 (qui
295 3456 385 3513 saepe
400 3446 601 3497 memorantur
615 3438 693 3508 alibi,
708 3439 773 3496 vide
785 3437 1029 3514 Marquardtii
1046 3436 1156 3495 enchir.
1169 3436 1225 3494 V2
1243 3457 1271 3513 p.
1287 3437 1345 3496 195
1360 3437 1429 3495 adn.
1444 3435 1539 3511 1800)

211 3543 315 3600 fixisse
344 3550 434 3618 atque
462 3542 630 3600 venditasse
658 3542 789 3616 exlege
816 3541 1004 3599 ferrariarum
1035 3540 1077 3614 (v.
1091 3538 1155 3613 34),
1189 3538 1225 3594 de
1258 3556 1318 3614 qua
1349 3556 1443 3615 supra
1473 3537 1540 3595 dixi

211 3645 255 3722 (p.
274 3645 357 3720 172),
384 3645 513 3721 aliaque,
545 3663 622 3720 quae
644 3655 761 3703 sutores
783 3641 960 3712 vendebant,
982 3640 1153 3699 vendidisse
1174 3660 1213 3698 ex
1234 3641 1279 3699 eis
1302 3648 1436 3719 apparet,
1461 3657 1540 3715 qaae

211 3747 315 3822 reliqui
344 3754 462 3824 praeter
492 3749 700 3806 conductorem
729 3745 827 3804 iacere
848 3753 995 3803 vetantur.
1040 3741 1100 3817 Qui
1121 3743 1214 3801 invite
1236 3743 1415 3803 conductore
1438 3760 1539 3802 eorum

211 3852 334 3927 aliquid,
360 3870 436 3927 quae
463 3851 506 3909 illi
535 3850 716 3926 praestanda
742 3856 925 3924 competunt,
951 3847 1030 3906 intra
1055 3846 1130 3904 fines
1157 3845 1346 3905 metallorum
1370 3844 1484 3915 fecerit,
1511 3845 1539 3902 ei

211 3954 293 4031 dupli
316 3954 451 4013 solvendi
472 3954 567 4013 multa
587 3955 703 4012 dicitur.
745 3951 793 4012 Ne
816 3961 933 4011 autores
956 3951 998 4026 (v.
1013 3948 1067 4026 35)
1090 3948 1209 4025 quidem
1226 3947 1465 4006 veteramentarii
1488 3947 1542 4004 ad-

210 4058 381 4128 mittuntur3
404 4057 593 4133 excipiuntur
615 4057 745 4115 fortasse
768 4057 818 4130 (ea
839 4057 917 4113 enim
935 4055 1024 4112 verba
1045 4053 1197 4128 perierunt
1217 4052 1248 4109 in
1270 4049 1392 4125 lacuna)
1408 4048 1459 4125 qui
1482 4066 1540 4107 sua

211 4159 435 4218 dominorumve
450 4160 645 4217 calciamenta
665 4158 833 4227 refecerint,
856 4166 889 4214 ut
909 4156 1149 4214 Mommsenus
1171 4154 1337 4231 proposuit.
1380 4151 1443 4210 vix
1458 4151 1539 4209 enim

210 4260 312 4319 licebit
325 4261 462 4319 lacunam
479 4260 657 4337 explerent
676 4259 747 4316 fecit
763 4255 1013 4325 Soromenius‚
1033 4255 1071 4313 ad
1086 4275 1188 4314 eorum
1204 4255 1439 4326 similitudinem,
1459 4271 1540 4330 quae

212 4361 248 4420 de
272 4363 404 4421 tabernis
427 4362 561 4421 fulloniis
578 4361 821 4438 praescribuntur
836 4358 879 4432 (v.
896 4358 959 4434 ta).
1004 4357 1122 4416 Etenim
1141 4358 1214 4415 talia
1235 4361 1260 4416 ai
1283 4357 1467 4434 supplemus,
1488 4354 1542 4412 lex

216 4465 258 4523 ita
281 4474 426 4542 concepta
449 4474 503 4537 est,
532 4473 566 4523 ut
586 4463 614 4522 ei
636 4463 685 4538 qui
709 4462 825 4521 clavum
848 4460 1009 4538 caligarem
1032 4459 1088 4518 sibi
1110 4459 1176 4536 ipse
1196 4460 1296 4519 fixerit
1316 4469 1346 4520 et
1366 4459 1426 4535 ipsi
1447 4456 1546 4517 multa

212 4566 355 4625 solvenda
376 4568 425 4625 sit.

294 4668 448 4727 Tonsores
485 4672 709 4742 tonstrinaeque
741 4666 861 4742 qualem
894 4667 924 4722 in
959 4665 1021 4722 vita
1046 4665 1251 4723 Romanorum
1284 4665 1437 4724 cotidiana
1469 4665 1539 4727 inde

212 4770 273 4828 fere
296 4789 315 4826 a
337 4769 465 4845 septimo
488 4770 571 4829 urbis
594 4767 713 4828 saeculo
736 4778 864 4826 exeunte
891 4767 986 4826 locum
1010 4768 1222 4845 occupaverint
1243 4786 1282 4827 ex
1303 4767 1423 4827 Horatii
1446 4769 1541 4828 versi·

212 4873 287 4932 culis
310 4872 479 4931 notissimis
502 4870 573 4946 (sat.
589 4871 604 4929 Ι
620 4871 648 4942 7,
664 4869 697 4946 2)
720 4869 905 4946 discimus1).
949 4867 1056 4946 Neque
1077 4871 1168 4945 igitur
1187 4871 1294 4929 mirum
1317 4881 1363 4930 est
1384 4889 1450 4930 eum
1473 4871 1539 4930 bal-

211 5042 415 5052 --—-—-—

306 5186 329 5250 ¹)
368 5186 408 5238 Cf.
429 5199 494 5251 quae
514 5184 546 5236 de
566 5187 712 5238 tonsoribus
731 5184 979 5253 Marquardtius
999 5188 1141 5251 composuit
1160 5187 1256 5239 enchir.
1271 5190 1295 5240 V
1311 5191 1326 5241 2
1346 5207 1372 5255 p.
1387 5192 1439 5245 205
1452 5208 1472 5243 s.
