3510 5812
204 467 253 537 70
795 478 942 529 rounam

294 660 321 716 1.
364 654 468 714 Lunae
489 658 520 711 in
542 653 680 712 Auentino
703 651 794 711 aedes
816 661 923 729 postea
946 648 1025 708 Solis
1048 658 1075 708 ct
1094 647 1197 707 Lunae
1218 649 1306 708 dicta.
1350 650 1535 709 0116111111-

207 761 328 820 cebatur
353 779 371 817 1
392 756 496 818 Servio
519 755 630 813 Tullio.
675 753 778 812 Minoe
805 771 913 811 nomen
941 762 1113 811 constanter
1139 751 1249 809 habent
1274 759 1366 810 testes
1392 752 1535 812 hemerol.

206 864 314 922 Praen.
339 858 377 918 28
399 859 487 917 Μ111.
511 857 583 915 Τ10.
607 857 686 914 Α11.
712 857 760 927 15,
784 855 820 912 41
844 854 912 913 biv.
935 855 985 926 40,
1009 852 1027 911 2
1050 853 1169 912 Vitrnv.
1194 853 1222 925 5,
1246 854 1275 924 5,
1298 853 1316 912 8
1343 855 1471 914 incertus
1498 857 1536 915 de

207 965 261 1023 vir.
284 964 327 1022 ill.
351 961 401 1021 85.
443 961 545 1035 itaque
570 958 607 1016 ad
640 977 749 1017 nomen
781 957 865 1015 aedis
898 975 958 1014 non
990 956 1120 1032 pertinet
1154 956 1351 1032 fragmentum
1378 957 1491 1015 editum
1518 980 1537 1017 a

207 1068 394 1126 Mommseno
415 1063 434 1119 1.
458 1080 483 1119 c.
506 1080 536 1138 p.
559 1058 619 1118 412
643 1060 693 1119 ubi
715 1058 778 1118 ul
802 1057 907 1134 [So]lis
930 1068 956 1116 ct
976 1056 1116 1133 Lun[ac].
1160 1068 1289 1116 nonest
1312 1059 1392 1135 qnod
1413 1059 1535 1119 demon·

207 1179 298 1228 strem
315 1171 488 1223 —constat
514 1163 593 1222 enim
620 1162 788 1220 certissimo
816 1159 996 1218 Tertulliani
1025 1159 1196 1218 testimonio
1215 1192 1256 1202 —
1276 1176 1336 1218 non
1362 1179 1430 1220 esse
1456 1162 1536 1222 idem

206 1269 349 1346 templum
371 1266 444 1325 illud
461 1264 539 1324 Solis
561 1266 641 1340 apud
662 1269 769 1324 circum
790 1263 862 1338 (hoc
883 1262 981 1321 estin
1003 1261 1095 1337 circo)
1117 1269 1379 1320 commemoratum
1394 1283 1413 1321 a
1428 1264 1537 1324 Tacito

208 1370 350 1442 Α11.15,
367 1368 405 1426 74
427 1368 566 1443 aliisque.
584 1399 622 1410 ·-
640 1365 756 1424 Notitia
777 1365 930 1442 regionum
954 1363 1020 1421 sola
1041 1385 1065 1422 r.
1081 1363 1128 1421 XI
1150 1363 1241 1422 habet
1261 1365 1394 1440 templum
1415 1365 1492 1424 Solis
1513 1379 1539 1427 ct

207 1474 320 1542 Lucae,
348 1469 428 1548 quod
455 1488 524 1528 esse
551 1468 654 1527 aedem
669 1468 913 1538 Auentinensem,
936 1484 996 1524 non
1018 1483 1135 1525 sacrum
1155 1463 1237 1526 Solis
1259 1467 1289 1523 in
1312 1467 1391 1525 circo
1414 1468 1537 1543 factum,

209 1575 304 1634 sensit
324 1573 479 1631 Prellerns
501 1570 572 1646 ch.
595 1589 623 1645 p.
651 1569 718 1641 192,
740 1570 811 1628 11111
832 1569 1001 1628 dubitanter
1022 1587 1083 1625 rem
1106 1578 1194 1626 extra
1220 1567 1435 1628 dubitationem
1458 1572 1538 1647 posi·
1619 1602 1622 1606 ·

211 1686 271 1735 tam
293 1675 430 1752 tetigerit.
475 1672 547 1731 alibi
576 1674 677 1730 monui
699 1671 844 1731 Notitiam
874 1671 997 1729 nomina
1024 1669 1157 1727 locorum
1184 1679 1214 1728 et
1240 1671 1440 1730 aedificiorum
1468 1693 1539 1749 pro·

210 1778 277 1855 pria
298 1786 435 1837 accurate
457 1793 620 1851 exponere:
657 1774 710 1834 sed
737 1781 843 1833 contra
868 1772 952 1831 illurn
976 1772 1109 1847 optimae
1133 1773 1239 1831 aetatis
1266 1773 1386 1832 testium
1414 1793 1539 1835 consen·

211 1899 278 1939 sum
300 1879 372 1955 quid
393 1878 473 1936 valet
496 1893 569 1936 usus
591 1878 700 1935 aetatis
722 1876 912 1953 imperatoris
934 1873 1147 1933 Constantini?
1169 1894 1196 1931 v.
1220 1895 1248 1932 n.
1273 1873 1301 1933 2.

294 1981 322 2039 2.
369 1981 497 2040 Castoris
525 1980 609 2037 cedes
636 1978 674 2035 ad
700 1979 798 2036 forum
826 1985 895 2034 vota
921 1996 948 2034 a.
977 1975 1036 2035 258
1066 1976 1203 2035 dedicata
1231 1996 1257 2034 a.
1287 1976 1347 2036 270
1376 1980 1538 2039 secundum

212 2083 365 2142 annalium
387 2082 570 2153 memoriam,
594 2079 722 2140 Castoris
745 2092 769 2138 st
791 2079 920 2138 Pollucis
947 2079 1066 2137 nomine
1094 2097 1131 2136 11
1155 2096 1295 2154 umquam
1322 2090 1376 2138 aut
1396 2080 1542 2159 inscripta

211 2196 264 2245 sut
289 2184 409 2263 proprie
436 2184 516 2242 dicta
537 2182 576 2240 sit
602 2183 756 2240 incertum.
799 2181 877 2239 idern
911 2181 993 2238 valet
1024 2180 1060 2237 de
1083 2177 1221 2239 Castoris
1253 2181 1326 2240 aede
1359 2182 1397 2240 ad
1427 2184 1540 2244 circum

211 2287 403 2347 Flaminium.
444 2284 625 2343 Tiberianae
646 2283 730 2342 aedis
752 2283 978 2359 inscriptionem
994 2292 1206 2340 commemorat
1219 2281 1281 2340 Dio
1298 2283 1347 2355 55,
1364 2282 1412 2357 27,
1436 2287 1488 2344 sed
1509 2297 1543 2346 ut

212 2392 249 2449 de
270 2391 391 2448 deornm
412 2386 581 2445 nominibus
601 2386 678 2444 nihil
692 2385 808 2445 doceat.
851 2404 906 2444 nec
922 2393 1040 2444 constat
1054 2384 1124 2443 mibi
1141 2384 1212 2459 quid
1228 2384 1415 2444 tribuendum
1432 2388 1472 2446 sit
1485 2389 1541 2447 Al·

213 2491 331 2551 bertinii
354 2489 526 2550 testimonio
549 2487 657 2562 (deser.
681 2487 993 2546 1111111111111117ν
1016 2488 1046 2544 in
1070 2487 1188 2562 sylloga
1209 2486 1419 2563 Mazochiana)
1442 2490 1540 2548 dicen·

211 2595 251 2652 tis
265 2593 466 2667 Pomponium
480 2590 606 2650 Laetum
628 2590 772 2649 effossum
795 2590 825 2648 in
845 2591 912 2648 foro
928 2589 1041 2648 vidisse
1057 2588 1175 2646 titulum
1191 2587 1401 2648 dedicationis:
1424 2591 1461 2648 01.
1478 2591 1503 2650 F
1506 2613 1543 2651 ea

211 2696 373 2754 Prodromo
388 2713 418 2771 p.
434 2693 481 2750 14.
518 2693 610 2750 verba
626 2690 704 2749 tituli
719 2710 779 2749 non
795 2691 905 2750 tradita
920 2701 999 2750 sunt.
1041 2700 1144 2748 notum
1159 2700 1206 2748 est
1220 2689 1345 2749 annales
1362 2691 1442 2766 (Liv.
1460 2692 1487 2765 2,
1500 2693 1541 2752 42

214 2797 288 2856 Obs.
313 2794 352 2855 68
374 2794 458 2869 0111.)
479 2794 563 2869 leges
592 2789 641 2867 (C.
664 2791 686 2850 1.
708 2791 744 2851 L.
771 2793 784 2848 1
809 2812 837 2848 n.
857 2793 990 2864 197,17.
1015 2792 1072 2850 201
1098 2793 1181 2868 0111.)
1209 2792 1337 2869 denique
1364 2791 1541 2856 Ciceronem

213 2906 388 2973 ceterosque
416 2895 578 2970 scriptores
605 2894 736 2970 optimae
763 2895 870 2953 aetatis
896 2903 1067 2953 constanter
1096 2893 1225 2953 Castoris
1247 2913 1355 2953 nomen
1386 2914 1543 2975 usurpare,

215 3010 248 3057 ut
269 3000 360 3056 etiam
382 2999 460 3055 inter
480 2995 627 3054 formulas
643 2996 803 3054 sollemnes
824 2997 957 3055 habitum
979 2997 1019 3054 111
1040 2996 1115 3054 illud
1133 3016 1188 3073 pro
1212 2998 1281 3055 aeds
1299 2995 1428 3056 Castoris
1444 2998 1542 3074 (Fest.

215 3096 320 3175 stul).
364 3099 432 3157 huic
460 3098 574 3156 nomini
602 3097 722 3156 saeculo
750 3098 837 3156 tertio
865 3108 1008 3175 quartove
1035 3098 1229 3158 substitutum
1254 3107 1382 3157 estnon
1405 3098 1543 3162 Castoris

214 3211 244 3261 et
265 3201 411 3273 PolluciS,
439 3198 491 3259 sed
516 3199 674 3272 Castorum,
697 3199 778 3276 quod
800 3199 919 3258 obvium
945 3201 976 3258 in
1002 3201 1087 3259 libris
1114 3200 1166 3259 illa
1191 3208 1287 3260 aetate
1314 3201 1444 3280 scriptis,
1470 3203 1543 3263 vitis

215 3305 428 3380 imperatorum
457 3302 541 3378 (hist.
564 3303 617 3374 A„
638 3302 794 3361 Maximin.
821 3302 857 3360 16
881 3301 982 3360 Valet.
1009 3303 1040 3379 l)
1063 3303 1209 3361 chronicis
1238 3322 1264 3361 1.
1290 3303 1350 3362 354
1376 3313 1406 3362 11
1426 3303 1545 3364 Notitia

214 3407 382 3483 regionum:
410 3404 447 3462 ol.
474 3404 643 3463 Mommsen
675 3402 714 3461 ad
746 3404 903 3482 chronogr.
932 3423 960 3481 p.
983 3404 1041 3463 652
1069 3406 1137 3464 adn.
1166 3406 1215 3464 43.
1264 3405 1402 3464 similiter
1429 3407 1544 3483 vulgari

215 3506 430 3566 consuetudine
457 3504 588 3564 Cererum
611 3504 720 3564 dictum
743 3523 862 3564 sacrum
883 3503 1003 3564 Cereris
1026 3514 1055 3564 et
1076 3506 1276 3583 Proserpinae
1297 3507 1387 3565 titulo
1403 3507 1545 3567 Africano

218 3610 371 3686 disputato
394 3609 431 3666 ab
454 3607 712 3666 0111101111
735 3608 920 3680 1111111866,
944 3607 993 3665 51.
1037 3608 1096 3665 iam
1119 3615 1151 3666 ut
1166 3606 1289 3686 Capuae
1305 3606 1402 3668 Corae
1417 3609 1547 3669 Tusculi

216 3712 287 3770 aliis
309 3711 384 3769 locis
406 3709 500 3769 fuisse
522 3710 611 3767 aedes
627 3707 747 3769 Castori
770 3720 799 3769 et
820 3709 938 3769 Polluci
960 3709 1112 3768 dedicatas
1135 3721 1328 3769 monuments
1349 3711 1469 3786 publica
1490 3731 1545 3790 op·

216 3815 342 3889 timique
365 3821 503 3871 auctores
525 3820 671 3870 testantur
696 3809 746 3887 (C.
762 3813 786 3869 I.
809 3811 845 3869 L.
865 3813 891 3882 1,
914 3810 985 3869 567.
1011 3812 1100 3870 1150.
1124 3809 1187 3871 Cic.
1211 3813 1247 3871 de
1270 3813 1329 3871 div.
1356 3816 1382 3884 1,
1405 3814 1455 3886 43,
1480 3813 1546 3889 98),

216 3917 260 3974 ita
274 3932 345 3973 sane
360 3932 409 3974 res
425 3913 593 3972 certissima
607 3914 722 3973 Romae
736 3914 772 3972 sd
795 3914 893 3971 iorum
917 3914 984 3988 (nec
1000 3933 1059 3972 non
1075 3913 1113 3972 ad
1128 3915 1238 3973 circum
1255 3914 1280 3973 F
1283 3915 1450 3992 laminium)
1474 3926 1547 3978 tern-

216 4018 298 4093 plum
320 4017 438 4092 utriqne
460 4016 574 4074 numini
597 4015 764 4074 dedicatum
787 4034 864 4074 esse.
909 4016 1004 4074 nihilo
1027 4017 1124 4075 minus
1153 4022 1270 4075 constat
1290 4017 1414 4076 alterius
1441 4020 1473 4077 id
1494 4038 1547 4077 no·

216 4120 296 4178 mine
318 4137 377 4177 non
399 4117 497 4177 solum
524 4135 661 4177 sermons
689 4117 804 4194 vulgari
832 4116 997 4176 sedetiam
1025 4117 1163 4176 sollemni
1185 4128 1321 4177 actorum
1343 4130 1548 4195 nuncupatum

217 4239 299 4279 esse:
329 4238 417 4295 quarn
445 4220 541 4297 legem
571 4237 636 4278 cum
666 4219 750 4278 aolus
772 4219 899 4278 Verrius
921 4218 1049 4277 Flaccus
1077 4220 1279 4298 hemerologio
1306 4221 1345 4279 ad
1367 4221 1395 4279 d.
1420 4220 1457 4278 27
1481 4223 1547 4280 lan.

219 4321 376 4381 declinavit
399 4320 556 4378 scribendo
578 4323 658 4379 sedis
681 4318 828 4394 [Castoris
850 4331 876 4377 ct
890 4319 1031 4395 Po]llucis
1053 4320 1219 4396 dedicat[o]‚
1243 4323 1273 4379 11
1296 4323 1351 4381 hac
1372 4335 1405 4381 nt
1426 4323 1456 4380 in
1479 4323 1549 4383 aliis

219 4425 308 4481 rebus
331 4422 559 4499 grammaticum
581 4439 614 4479 se
636 4423 785 4498 praestitit
801 4421 954 4480 doctrinae
976 4420 1093 4480 laudem
1108 4430 1284 4499 captantem.
1329 4443 1398 4483 nam
1416 4444 1488 4482 cave
1510 4444 1549 4484 ne

220 4524 398 4581 Amiternini
419 4541 539 4600 quoque
560 4524 734 4600 scriptorem
757 4523 859 4580 aedem
882 4523 912 4580 in
934 4523 1012 4580 circo
1034 4522 1185 4582 Flaminio
1207 4525 1286 4583 binis
1308 4527 1477 4585 nominibus
1500 4547 1550 4584 or·

220 4643 310 4684 nasse
332 4634 434 4701 putes:
464 4625 603 4684 nimirum
626 4624 706 4700 qnod
729 4624 870 4700 ascripsit
891 4624 929 4683 ad
951 4626 979 4683 d.
1006 4626 1041 4683 13
1058 4627 1137 4702 Aug.
1157 4626 1270 4685 Castori
1284 4628 1400 4686 Polluci
1421 4632 1450 4686 in
1473 4632 1549 4688 circo

220 4727 367 4785 Flaminio
383 4747 442 4786 non
457 4727 588 4786 continet
601 4727 685 4785 aedis
701 4726 755 4786 sed
770 4727 847 4784 sacri
862 4728 1182 4786 commemorationem.
1208 4728 1310 4786 aedem
1330 4730 1461 4789 Castoris
1476 4729 1552 4788 dicit

220 4828 377 4888 Vitruvius
399 4831 427 4902 4,
449 4829 478 4901 8,
499 4830 527 4886 4.
571 4837 701 4890 ceterum
723 4838 795 4888 nota
816 4830 913 4888 oedem
931 4830 1060 4888 Castoris
1076 4828 1205 4889 Pollucis
1227 4831 1340 4890 omissa
1360 4832 1469 4908 copula
1490 4831 1550 4891 dici

221 4930 252 4989 in
275 4931 363 4990 titulo
386 4929 505 4990 Corano
529 4948 552 4990 s.
575 4950 600 4991 s.
623 4932 660 4991 de
682 4931 759 4991 cella
780 4950 839 4990 uns
860 4929 944 4990 aedis
965 4925 1004 4989 ad
1026 4931 1121 4990 forum
1144 4932 1219 4991 sitae
1240 4947 1347 5010 postea
1368 4934 1475 4993 dicam.

308 5033 335 5091 3.
379 5033 527 5109 Apollinis
550 5035 652 5092 aedem
676 5046 835 5111 antequam
856 5032 940 5092 fieret
958 5032 1098 5092 Palatina
1117 5034 1233 5094 Romae
1254 5056 1344 5095 unam
1366 5037 1459 5095 fnisse
1482 5045 1553 5094 ante

223 5144 340 5210 portam
368 5133 586 5194 Carmentalem
614 5143 732 5195 constat
754 5135 877 5195 Asconii
906 5134 1076 5194 testimonio
1104 5154 1177 5195 sane
1205 5114 1311 5196 mirum
1338 5137 1369 5196 in
1391 5137 1510 5195 modum
1535 5158 1554 5195 1
