3510 5812
220 466 269 536 34
746 486 1020 537 anormuun'rs

261 656 406 716 Formula
419 656 601 733 praeposita,
623 675 712 733 quam
734 658 803 716 inde
824 678 843 717 a
858 657 1022 717 Domitiani
1038 658 1100 715 fere
1114 658 1299 734 temporibus
1314 659 1545 735 frequentiorem

217 759 282 818 fieri
309 761 457 829 novimus,
484 759 650 835 scripturae
665 761 832 836 conpendia
846 780 883 819 ex
905 769 989 837 parte
1011 760 1182 829 insolentia,
1204 761 1322 821 litterae
1336 764 1467 822 minores
1483 783 1547 822 ma-

217 861 332 921 ioribus
353 863 483 934 iunctae,
505 863 572 937 ipsa
586 862 714 939 denique
735 863 899 922 litterarum
920 863 1017 921 forma
1038 865 1135 922 tenuis
1155 872 1184 921 et
1206 863 1269 921 alta
1289 865 1406 923 titulum
1421 866 1545 925 alterius

98 1016 101 1021 .
216 962 279 1023 fere
300 965 412 1023 saeculi
434 966 513 1042 parti
527 965 687 1040 posteriori
709 965 899 1024 tribuendum
914 983 982 1023 esse
1003 965 1123 1023 indicat
1168 964 1241 1022 v.4
1264 967 1293 1025 iu
1309 968 1368 1026 lius
1382 986 1436 1045 pro
1451 984 1499 1025 ost
1514 970 1545 1026 in

215 1065 314 1141 lapide
336 1076 384 1126 est
405 1069 578 1127 necessario
600 1078 651 1127 aut
673 1084 732 1127 esu
755 1080 807 1126 aut
828 1083 848 1126 c
871 1098 878 1112 ·
901 1086 940 1137 u3
966 1067 1024 1126 hoe
1050 1059 1237 1144 probabilius
1263 1078 1386 1145 propter
1410 1070 1544 1128 additum

215 1168 245 1224 iu
267 1167 327 1226 fine
341 1168 472 1244 salius).
518 1168 610 1229 Silero
636 1170 681 1229 vel
704 1171 803 1230 ,S'ilooi
828 1170 927 1245 potius
949 1178 1039 1247 eaput
1061 1178 1162 1228 uotum
1190 1177 1237 1227 est
1262 1170 1375 1229 sontem
1402 1172 1545 1243 indicare,

214 1269 251 1327 of.
275 1268 315 1328 H.
338 1269 454 1329 dordan
484 1292 573 1331 nuovo
599 1277 727 1331 rumoris
753 1272 825 1329 dell’
853 1275 983 1330 instituto
1006 1270 1117 1346 (1865)
1139 1291 1168 1349 p.
1185 1271 1245 1329 218
1268 1283 1298 1329 et
1320 1270 1354 1331 C.
1377 1274 1402 1331 Ι.
1424 1273 1460 1330 L.
1484 1276 1544 1333 rol.

214 1370 259 1428 Ill
282 1370 373 1431 3580.
421 1372 575 1432 Cireisusie
598 1376 694 1433 forma
715 1392 770 1451 pro
792 1378 928 1433 eireeruis
950 1374 1027 1431 infra
1047 1374 1125 1431 redit
1146 1395 1174 1433 n.
1194 1374 1241 1431 16.

257 1472 398 1533 Ceterum
425 1476 541 1535 cuinam
568 1477 647 1535 inter
673 1476 835 1553 municipia
860 1477 924 1535 eius
946 1476 1077 1551 regionis
1104 1476 1208 1533 titulus
1232 1476 1280 1533 hie
1301 1486 1332 1534 et
1353 1477 1411 1534 vel.
1427 1478 1459 1535 Il
1482 1479 1542 1537 985

215 1577 395 1635 attribuendi
419 1579 478 1637 sint
498 1579 631 1654 ignotum
654 1588 710 1637 est.
753 1578 914 1637 Baeturiae
940 1579 1018 1636 enim
1042 1576 1172 1636 Celticae
1200 1595 1278 1653 quae
1299 1578 1453 1638 dicebatur
1478 1582 1544 1638 uui-

215 1697 321 1737 versae
342 1678 416 1737 lines
438 1690 469 1739 et
490 1679 612 1757 oppida,
637 1681 715 1739 iuter
738 1700 815 1757 quae
837 1681 972 1758 ignotum
999 1697 1118 1755 quoque
1145 1678 1218 1736 illud
1248 1682 1463 1740 numerandum
1486 1693 1544 1752 est,

214 1798 402 1857 nequaquam
429 1801 466 1840 ea
491 1799 552 1857 qua
577 1801 632 1859 par
658 1790 704 1840 est
730 1802 802 1840 eura
828 1781 986 1859 explorata
1011 1799 1079 1839 esse
1105 1781 1225 1858 saepius
1251 1791 1433 1858 conquestus
1461 1802 1542 1855 sum3

214 1882 292 1940 idem
313 1882 394 1941 infra
414 1883 569 1960 adparebit
590 1903 629 1943 ex
653 1884 846 1944 adnotatione
868 1884 906 1941 ad
929 1905 957 1942 n.
977 1883 1106 1942 18—24.

214 2193 331 2272 9(ins.
354 2207 432 2273 post.
456 2216 485 2255 u.
504 2195 608 2274 1342).
652 2198 680 2254 Α
704 2196 877 2256 Gratulema
898 2195 1001 2255 kilom.
1018 2196 1047 2266 4,
1070 2205 1138 2254 ante
1160 2204 1280 2272 pontem
1304 2187 1338 2253 d's
1359 2195 1389 2253 lo
1415 2196 1542 2254 Terrena

253 2298 284 2356 iu
312 2297 420 2356 dextra
444 2297 604 2357 Guodalete
629 2299 710 2357 fluvii
737 2300 803 2376 ripa
829 2299 909 2357 eirea
935 2297 1072 2356 kilom.5
1098 2298 1136 2355 ab
1162 2298 1227 2355 eius
1255 2298 1350 2369 fonte,
1377 2298 1408 2355 in
1435 2297 1541 2355 ultimo

253 2401 426 2476 provinciae
448 2399 617 2461 Gaditanas
638 2420 716 2478 quae
738 2420 816 2459 nuuc
838 2410 885 2459 est
906 2399 1025 2475 angulo,
1047 2417 1107 2474 qua
1123 2399 1333 2456 Malaeitanam
1356 2400 1541 2476 prouinciam

253 2503 381 2579 attingit,
403 2521 465 2578 rep.
482 2514 528 2562 est
550 2523 577 2562 a.
595 2502 672 2562 1875
689 2504 771 2562 basis
794 2504 900 2581 iugens
921 2522 958 2560 ex
974 2520 1121 2559 marmore
1137 2501 1227 2559 rubro
1242 2501 1343 2576 Uespe
1364 2502 1541 2577 eneornado)

252 2623 354 2663 earum
376 2606 532 2682 regionum
540 2625 549 2677 ;
576 2606 637 2663 ulta
658 2614 703 2665 est
723 2625 761 2664 m.
781 2608 807 2664 l.
825 2605 874 2677 37,
896 2603 1068 2673 lassoss,
1089 2621 1194 2661 crassa
1209 2604 1238 2660 Ο.
1255 2600 1304 2661 68.
1341 2601 1474 2661 Litterae
1496 2603 1541 2661 di·

251 2717 360 2764 cuntur
381 2724 447 2766 esse
468 2693 631 2784 quadratae
653 2715 684 2766 et
704 2709 845 2784 optimae.

674 3053 1077 3112 uersutis-llllllls·

715 3155 1037 3215 asurllllllllssllllll

673 3273 744 3316 nvrc
755 3288 761 3303 ·
774 3273 866 3317 onoo
879 3289 886 3303 ·
898 3257 1076 3315 usmuvellte

674 3375 820 3419 oecuevrr
852 3389 859 3404 ·
893 3372 1075 3418 invention

526 3526 529 3531 ,
618 3481 630 3517 ι
673 3473 1076 3521 ineensnn·svnen1s

674 3579 802 3625 uocvn
819 3595 826 3608 ·
844 3577 1076 3622 servurvnns

672 3681 909 3724 ιιοιινιιειιτ·
926 3679 1077 3723 srsrvn

671 3781 1077 3826 neuton-semmua

802 3886 946 3929 neren

605 3991 631 4030 ιο
674 3987 829 4032 nonore
865 4002 872 4016 ·
910 3984 1075 4029 ncceero

714 4091 846 4132 rursus
868 4105 874 4119 ·
896 4088 1032 4131 nanis·

248 4439 355 4500 Fraus.
379 4437 484 4497 Motth.
510 4433 597 4511 Gugo
619 4436 776 4512 presbyter
797 4434 988 4511 Hispalensis
1012 4433 1091 4490 misit
1118 4432 1267 4509 ediditque
1293 4436 1324 4489 in
1346 4431 1536 4507 ephemeride

207 4543 233 4598 el
254 4545 387 4601 coneraio
411 4542 446 4598 ds
471 4537 561 4596 Cocli:
583 4537 611 4594 d.
638 4538 673 4595 17
698 4556 735 4594 m.
760 4534 841 4614 Sept.
863 4558 890 4595 a.
916 4536 1004 4594 1875.

248 4644 331 4702 Idem
355 4642 492 4702 adfirmat
519 4639 577 4716 legi
606 4643 635 4696 in
664 4639 762 4714 lapide
790 4641 859 4696 orde
886 4637 1130 4713 modulentur),
1154 4655 1214 4694 uon
1243 4646 1275 4694 ut
1302 4638 1332 4694 in
1359 4636 1447 4694 titulo
1469 4636 1535 4694 eius

207 4745 309 4823 oppidi
339 4744 434 4802 adhuc
461 4743 548 4801 unieo
571 4741 629 4799 rol.
645 4741 676 4798 ll
698 4761 726 4799 n.
746 4740 823 4799 1342
847 4759 901 4816 ego
928 4759 994 4798 eum
1017 4740 1085 4797 aliis
1109 4739 1167 4815 legi
1190 4738 1412 4796 Lacilbulenss'a.
1456 4736 1536 4795 Curn'

206 4848 255 4904 hie
276 4864 394 4923 quoque
416 4863 522 4903 nomen
546 4843 623 4900 male
644 4843 777 4900 habitum
801 4861 869 4901 esse
895 4842 1038 4918 adpareat
1065 4841 1231 4918 inlepide,
1259 4850 1398 4917 ectypum
1426 4857 1534 4916 expse-

206 4948 338 5007 tandum.

248 5050 316 5124 Quo
332 5049 419 5107 modo
434 5048 613 5124 cognomina
635 5047 792 5106 defunctae
814 5046 981 5123 supplenda
1003 5047 1063 5104 sint
1084 5066 1145 5104 non
1167 5045 1242 5103 satis
1264 5055 1376 5102 eertum
1399 5051 1458 5113 est3
1480 5061 1532 5119 po·

204 5154 262 5211 tuit
283 5150 429 5227 appellari
453 5160 576 5209 matrem
600 5156 702 5208 secuta
724 5149 858 5207 Memmia
880 5149 924 5205 M.
941 5151 970 5222 s.
994 5147 1079 5205 Aelia
1101 5149 1243 5206 Bussiua.
