3510 5812
893 495 1075 546 MOMMSEN

472 668 515 725 M.
548 669 662 728 Corneli
689 669 754 727 Pol.
778 668 923 729 Valerios.
940 671 1066 745 flamini,
1090 671 1222 744 praetori
1243 667 1283 724 ΙΙ
1304 685 1390 725 socru
1413 667 1535 727 Volcani
1562 666 1650 727 Grut.

567 770 671 842 318‚6
695 771 784 847 (vidit
807 768 961 848 Smetius).
1006 769 1121 831 Similis
1146 770 1259 842 titulus,
1286 788 1375 847 quem
1397 770 1538 847 proponit
1560 768 1650 830 Grot.

566 874 670 944 398‚7
694 872 778 948 (inde
802 873 972 933 Wilmanns
998 871 1090 948 1723)
1119 883 1273 950 acceptum
1303 872 1437 931 referens
1460 871 1569 931 Fulvio
1592 872 1651 932 Ur-

564 976 641 1049 sino,
664 976 733 1035 vide
755 994 792 1034 ne
815 976 855 1034 sit
880 977 959 1036 idem
982 974 1212 1034 aGutenstenio
1231 975 1430 1052 interpolatus
1451 975 1585 1034 adhibito
1606 974 1651 1032 al-

564 1086 629 1137 tero
652 1078 806 1139 Orelliano
833 1076 922 1137 2204.

402 1182 433 1239 3.
474 1179 634 1257 Pont(isar)
659 1182 813 1258 utriusque
835 1180 914 1238 tituli
938 1181 980 1256 (A
1004 1180 1032 1252 7,
1055 1180 1080 1238 Β
1104 1180 1137 1257 l)
1164 1199 1222 1239 nou
1245 1181 1320 1240 satis
1341 1187 1459 1240 constat
1480 1188 1578 1238 utrum
1601 1198 1650 1237 so·

318 1282 370 1341 lito
392 1303 474 1341 ruore
497 1283 686 1359 accipiendus
709 1285 749 1342 sit
771 1303 808 1342 an
831 1283 1021 1358 intellegatur
1037 1282 1170 1343 Ostiensi
1192 1283 1235 1340 rei
1258 1282 1396 1358 publicae
1418 1282 1558 1358 proprius
1575 1299 1649 1358 pon·

318 1388 387 1460 tifex
407 1385 527 1444 Volcani
548 1395 576 1444 et
596 1387 709 1444 aedium
730 1404 888 1456 sacrarum,
911 1404 999 1462 quem
1028 1385 1214 1444 sacerdotem
1238 1384 1335 1445 Ostiis
1358 1404 1426 1443 eum
1448 1384 1546 1444 locum
1575 1384 1651 1443 obti-

318 1488 431 1559 nuisse,
453 1506 541 1562 quem
564 1489 593 1545 in
618 1489 689 1546 urbe
712 1487 852 1547 tenebant
874 1495 1028 1547 curatores
1053 1507 1176 1563 operum
1199 1487 1386 1565 publicorum
1409 1497 1441 1546 et
1462 1487 1579 1547 aedium
1602 1505 1649 1545 sa-

317 1608 445 1661 crarum,
471 1591 502 1648 id
529 1601 575 1650 est
601 1595 631 1648 in
660 1590 779 1668 publico
807 1590 945 1649 dedicare
966 1590 1135 1649 volentibus
1161 1589 1261 1648 locum
1283 1589 1458 1649 attribuisse
1479 1589 1650 1668 complures

317 1693 396 1751 tituli
419 1693 581 1753 ostendunt
603 1692 726 1769 (Marini
747 1693 821 1751 Arv.
844 1712 873 1769 p.
891 1693 965 1763 3573
994 1690 1027 1750 O.
1044 1691 1080 1751 L.
1097 1691 1236 1751 Visconti
1257 1710 1323 1750 ann.
1340 1693 1412 1751 inst.
1432 1690 1510 1751 1868
1532 1713 1560 1769 p.
1578 1692 1650 1750 378.

318 1796 402 1872 379).
448 1794 587 1855 Ceterum
620 1795 710 1853 huius
743 1794 901 1854 sacerdotii
935 1795 1065 1870 dignitas
1098 1794 1168 1853 inde
1198 1795 1397 1872 intellegitur,
1433 1794 1517 1870 quod
1548 1795 1579 1852 in
1613 1813 1650 1851 eo

316 1918 377 1957 non
403 1918 471 1956 raro
498 1907 650 1957 senatores
678 1896 779 1974 populi
805 1896 932 1956 Romani
960 1897 1154 1956 inveniuntur
1185 1897 1368 1972 (Wilmanns
1397 1917 1424 1956 n.
1451 1894 1544 1967 17203
1579 1896 1650 1955 Vis·

316 2000 398 2059 conti
420 2001 439 2058 l.
462 2000 512 2076 c.).

401 2102 497 2162 Ostiis
524 2102 615 2180 igitur
643 2112 768 2180 apparet
793 2101 962 2161 Volcanum
995 2122 1030 2161 eo
1058 2101 1279 2178 quodammodo
1300 2102 1369 2162 loco
1397 2102 1501 2174 fuisse,
1535 2119 1595 2177 quo
1617 2101 1649 2159 in

318 2205 391 2263 urbe
413 2204 528 2280 Iupiter
555 2206 859 2282 optimusmaximus
887 2205 959 2275 fuit3
988 2224 1056 2263 nam
1083 2205 1232 2282 pontificis
1261 2224 1328 2264 cum
1351 2204 1504 2281 proprium
1526 2203 1650 2262 sitnon
1709 2263 1716 2274 ‚

315 2316 427 2366 certum
456 2307 585 2383 aliquem
612 2306 699 2365 deum
728 2308 837 2379 colere,
864 2307 916 2365 sed
942 2308 985 2366 rei
1008 2307 1127 2366 divinae
1149 2308 1331 2383 praesidere,
1354 2306 1506 2367 Ostiensis
1528 2323 1649 2381 quoque

316 2410 449 2485 pontifex
472 2428 575 2468 curam
597 2410 661 2488 agit
682 2410 813 2469 omnium
829 2409 951 2469 deorum
975 2410 1154 2486 aediumque
1173 2429 1277 2468 eorum
1293 2409 1433 2480 omnium,
1457 2407 1511 2466 sed
1533 2408 1648 2483 praeci·

316 2531 373 2589 pue
397 2509 534 2570 Volcani.
578 2511 667 2571 Unde
693 2513 765 2570 item
787 2512 866 2570 inira
887 2514 917 2570 in
939 2512 1065 2571 aedibus
1093 2513 1285 2570 recensendis
1307 2512 1445 2570 Volcano
1467 2512 1581 2588 primus
1602 2510 1648 2570 lo-

315 2631 368 2672 cus
391 2613 485 2673 datur.
502 2645 540 2657 -
557 2613 705 2674 Flaminis
733 2623 833 2674 autem
854 2614 1030 2674 Volcanalis
1052 2615 1155 2673 munia
1176 2632 1241 2672 cum
1269 2623 1414 2691 appareat
1435 2612 1531 2673 Ostiis
1558 2615 1648 2672 susti·

315 2716 417 2776 nuisse
440 2717 566 2776 aedilem
589 2717 737 2776 aedilesve
753 2724 782 2776 et
804 2726 967 2793 praetores,
1010 2717 1146 2792 quaestio
1169 2718 1275 2794 surgit,
1296 2716 1446 2792 quomodo
1468 2715 1579 2775 factum
1598 2717 1647 2786 sit,

316 2830 348 2878 ut
377 2820 581 2878 sacerdotibus
610 2819 656 2877 his
683 2820 910 2895 magistratuum
938 2819 1085 2878 vocabula
1110 2820 1291 2878 inderentur.
1334 2818 1404 2878 Non
1425 2827 1507 2879 recte
1527 2838 1647 2895 compa·

317 2931 434 2996 raretur
461 2922 588 2980 dictator
614 2922 752 2981 Albanus
779 2931 958 2998 praetorque
983 2920 1126 2994 Larinas,
1155 2941 1192 2980 ne
1214 2921 1353 2980 Etruriae
1380 2921 1501 2998 quidem
1527 2930 1649 2998 praetor

318 3023 497 3099 aedilisque;
525 3024 555 3082 hi
582 3025 658 3083 enim
685 3024 795 3100 reliqui
822 3032 891 3082 sunt
917 3042 955 3081 ex
981 3044 1014 3082 re
1037 3023 1157 3098 publica
1184 3043 1203 3081 a
1223 3024 1368 3083 Romanis
1390 3023 1433 3081 ita
1457 3023 1586 3095 sublata,
1615 3032 1648 3080 ut

317 3127 511 3203 magistratus
537 3126 575 3184 ad
601 3144 689 3185 saera
714 3126 920 3184 tantummodo
947 3136 1113 3197 manerent3
1140 3133 1171 3184 at
1200 3125 1385 3186 Ostiensium
1413 3125 1532 3185 colonia
1558 3126 1647 3184 mari·

318 3233 391 3287 tima
417 3228 584 3305 antiquiore
611 3237 709 3286 aetate
736 3228 930 3305 magistratus
960 3229 1099 3305 proprios
1129 3228 1229 3287 nullos
1255 3228 1368 3287 habuit.
1412 3226 1518 3287 Nihilo
1546 3227 1646 3287 minus

319 3330 446 3389 similem
475 3340 554 3390 certe
581 3331 724 3408 originem
750 3331 841 3389 etiam
870 3330 1027 3390 Ostienses
1054 3330 1085 3388 hi
1114 3330 1285 3389 sacerdotes
1311 3331 1423 3389 habent
1449 3330 1504 3389 sub
1527 3331 1647 3389 nomine

318 3433 545 3508 magistratuum
567 3434 771 3509 procedentes.
814 3431 895 3493 Nam
911 3432 1048 3492 coloniae
1069 3432 1096 3490 ei
1119 3451 1187 3490 cum
1207 3432 1336 3492 dubitari
1359 3451 1419 3490 non
1441 3433 1539 3509 possit
1560 3449 1647 3491 sacra

316 3535 440 3611 propria
466 3547 518 3594 aut
544 3537 581 3594 ab
609 3535 683 3610 ipsis
712 3536 776 3594 eius
804 3535 898 3594 initiis
921 3546 973 3595 aut
994 3544 1072 3594 certe
1094 3534 1252 3593 admodum
1276 3544 1392 3593 mature
1414 3551 1558 3593 concessa
1580 3551 1647 3593 esse

317 3645 346 3696 et
371 3638 467 3697 multo
492 3637 609 3714 quidem
639 3647 707 3696 ante
728 3657 818 3714 quam
840 3638 879 3696 ad
901 3638 944 3696 rei
966 3637 1103 3714 publicae
1124 3637 1251 3696 formam
1279 3637 1462 3708 eveheretur,
1485 3641 1556 3695 item
1578 3655 1646 3695 cum

316 3739 481 3800 secuudum
506 3739 750 3798 consuetudinem
771 3739 938 3800 Romanam
961 3757 1049 3799 sacra
1069 3760 1088 3798 a
1109 3739 1334 3817 magistratibus
1354 3739 1545 3815 potissimum
1567 3739 1646 3798 facta

316 3844 392 3914 sint,
419 3841 576 3901 admodum
603 3843 759 3919 probabile
785 3852 833 3901 est
859 3861 918 3901 una
944 3862 1011 3900 cum
1037 3859 1190 3900 sacrorum
1211 3841 1340 3901 Vulcani
1364 3839 1548 3900 Ostiensium
1574 3860 1645 3899 con·

316 3944 470 4003 stitutione
486 3943 679 4004 Ostiensibus
700 3945 817 4004 colonis
839 3944 950 4004 aediles
970 3953 1186 4023 praetoresque
1206 3943 1249 4002 ita
1269 3960 1430 4003 concessos
1453 3961 1530 4016 esse,
1559 3951 1592 4001 ut
1613 3944 1646 4003 in

315 4047 408 4105 sacris
430 4047 556 4105 Volcani
583 4054 697 4104 tanturn
725 4046 813 4105 ruodo
840 4047 939 4106 officio
964 4047 1172 4125 fungerentur;
1201 4045 1252 4123 qui
1279 4045 1473 4122 magistratus
1500 4046 1547 4105 vel
1575 4065 1646 4104 vere

315 4149 486 4208 sacerdotes
501 4147 607 4206 deinde
629 4160 847 4222 remanserunt,
869 4167 935 4207 cum
955 4148 1082 4207 coloniis
1102 4148 1211 4207 civium
1227 4148 1367 4207 omnibus
1382 4148 1418 4206 ad
1441 4149 1484 4207 rei
1506 4148 1646 4225 publicae

314 4253 440 4311 formam
473 4250 619 4325 promotis
646 4250 708 4308 veri
740 4251 933 4328 magistratus
961 4251 1201 4309 concederentur.
1225 4283 1263 4292 —
1290 4249 1339 4308 Ita
1365 4251 1396 4308 id
1424 4268 1544 4327 quoque
1571 4250 1645 4308 ferri

314 4362 423 4431 potest,
456 4353 536 4428 quod
567 4359 648 4411 recte
680 4373 719 4412 ex
752 4354 840 4412 titulo
873 4352 1004 4410 Herodis
1037 4371 1128 4427 supra
1160 4351 1255 4410 relato
1288 4351 1435 4412 Marinius
1458 4350 1540 4427 (iser.
1574 4352 1643 4412 Alb.

314 4475 343 4531 p.
360 4454 413 4530 58)
447 4455 554 4526 effecit,
586 4462 617 4512 at
649 4457 675 4513 si
707 4455 743 4513 de
776 4456 854 4515 veris
887 4453 1110 4531 magistratibus
1144 4461 1281 4530 ageretur
1312 4455 1399 4531 plane
1432 4455 1554 4514 tolerari
1583 4474 1645 4515 non

313 4566 428 4634 posset,
461 4569 614 4635 praetores
641 4557 786 4635 distingui
814 4559 940 4634 primum
970 4557 1132 4615 secundum
1162 4556 1292 4614 tertium.
1336 4555 1416 4615 Nam
1444 4566 1476 4615 ut
1503 4576 1540 4616 ea
1564 4558 1644 4616 ordi·

315 4661 396 4718 natio
418 4679 438 4717 a
459 4661 635 4737 magistratu
656 4660 806 4732 abhorret,
834 4661 876 4719 ita
897 4661 927 4718 in
950 4659 1045 4718 sacris
1068 4658 1236 4736 comparari
1258 4668 1400 4735 poterunt
1421 4659 1485 4737 ipse
1506 4659 1644 4736 pontifex

314 4762 463 4820 maximus
487 4772 517 4820 et
538 4763 598 4819 alia
620 4762 777 4837 quaedam,
804 4771 835 4821 ut
856 4765 987 4822 uacarios
1010 4763 1132 4822 secando
1156 4762 1217 4819 loco
1245 4759 1398 4819 titulorum
1424 4762 1643 4822 tauroboliaco·

314 4883 379 4921 rum
401 4864 678 4923 Beneventanorum
708 4863 745 4939 (I.
766 4864 803 4923 R.
825 4864 864 4924 N.
890 4865 977 4924 1399.
1003 4863 1107 4932 1401).
1123 4895 1163 4906 -
1178 4862 1318 4939 Denique
1340 4864 1367 4922 si
1389 4867 1550 4939 quaeritur,
1578 4873 1644 4924 uter

313 4966 488 5024 honoratior
512 4965 616 5037 suerit,
644 4965 749 5024 aedilis
779 4973 948 5042 praetorve,
981 4966 1011 5024 hi
1044 4966 1124 5025 tituli
1150 4963 1289 5023 videntur
1320 4966 1483 5025 secundum
1515 4966 1643 5025 aedilem

314 5067 458 5126 vindicias
482 5067 563 5136 dare,
584 5075 663 5127 certe
687 5068 736 5125 ubi
758 5067 785 5126 is
808 5068 996 5143 componitur
1017 5086 1084 5125 cum
1107 5076 1244 5142 praetore
1267 5066 1367 5140 terti0;
1390 5069 1477 5128 aliter
1496 5069 1575 5128 enim
1590 5087 1644 5127 cur

313 5170 343 5226 in
366 5169 459 5226 altero
482 5168 568 5226 titulo
592 5170 675 5228 solus
698 5169 803 5227 aedilis
826 5176 964 5247 ponatur,
986 5171 1068 5228 nullo
1091 5167 1179 5228 modo
1202 5168 1346 5243 explicari
1372 5179 1481 5247 potest.
