3510 5812
610 475 685 524 tax
712 474 878 523 mamam
905 474 1159 526 virasomtms.
1483 461 1554 530 185

306 650 394 724 Quod
423 650 485 708 ludi
516 648 651 724 magistri
680 647 777 724 capite
804 648 860 704 hoc
886 648 954 704 loco
981 648 1055 705 eatis
1082 650 1279 720 incommode,
1307 656 1338 708 ut
1365 669 1455 726 supra
1482 652 1555 725 dixi,
1599 670 1666 719 vm

223 756 260 814 de
280 754 477 813 conductione
499 751 648 810 locatione
668 768 792 826 operum
814 749 1029 809 metallicorum
1053 753 1220 828 praeceptis
1243 753 1423 829 interposito
1445 772 1464 810 a
1486 773 1555 830 pro·
1599 753 1665 801 Ludi

221 864 358 916 curatore
374 855 564 914 metallorum
586 853 723 911 dicuntur
745 851 894 910 immunes
916 870 994 924 esse,
1015 853 1047 910 id
1069 864 1148 911 recte
1169 854 1234 912 sine
1256 854 1344 912 dubio
1367 874 1386 912 a
1402 855 1553 913 Momm·
1573 836 1688 899 ¹¹¹⁸ssl⁸²¹⁸l

223 977 310 1019 seno
332 958 363 1017 in
385 956 577 1016 adnotatione
600 954 679 1013 infra
700 955 800 1030 posita
822 964 1027 1031 comparatum
1050 965 1096 1014 est
1116 974 1183 1013 cum
1204 962 1275 1014 nota
1293 957 1553 1033 grammaticorum
1592 933 1616 968 ν’
1632 919 1665 968 ⁵⁰

222 1081 241 1119 a
263 1061 436 1121 muneribus
463 1058 591 1136 publicis
618 1057 647 1115 in
673 1057 846 1133 municipiis
868 1056 1016 1115 libertate.
1061 1055 1257 1116 Grammatici
1282 1058 1374 1134 igitur
1396 1059 1461 1118 sive
1483 1061 1553 1118 arti-

221 1164 289 1222 iicio
317 1163 381 1221 sive
409 1161 528 1238 opificio
550 1161 635 1218 nulla
661 1178 784 1217 munera
810 1178 939 1218 onerave
966 1159 1087 1236 publica
1107 1160 1221 1218 metalli
1243 1159 1436 1237 Vipascensis
1458 1161 1554 1239 impo-

220 1274 341 1323 nuntur.
386 1262 479 1322 Nulla
500 1263 600 1339 igitur,
623 1269 655 1320 ut
671 1262 851 1338 supradixi,
873 1261 962 1319 huius
982 1261 1089 1338 capitis
1105 1273 1264 1339 praecepto
1280 1281 1346 1321 cum
1369 1263 1552 1339 reliquorum

220 1367 387 1445 praeceptis
411 1365 576 1423 similitudo
598 1372 652 1423 ost.

303 1468 417 1526 Puteos
438 1467 552 1526 metalli
574 1466 771 1542 Vipascensis
798 1477 1023 1542 procuratorem
1046 1467 1158 1525 metalli
1179 1467 1351 1526 vendidisse
1379 1485 1471 1543 supra
1492 1469 1606 1533 iamrx
1625 1485 1705 1536 Usur.

220 1571 352 1630 vidimus
373 1570 450 1645 (v.3
478 1569 539 1644 15).
583 1569 708 1639 Puteos,
735 1587 811 1644 quae
839 1566 966 1627 Graecis
993 1559 1104 1650 φρέατα
1133 1580 1212 1642 sunt,
1241 1570 1279 1629 ad
1306 1572 1406 1629 omnia
1431 1571 1552 1629 metalla
1577 1567 1696 1629 potiones

220 1672 392 1732 effodienda
414 1672 510 1730 factos
533 1688 601 1729 esse
623 1671 761 1729 novimus
784 1670 910 1728 Plinio
932 1670 1095 1755 (XXXIlJ
1115 1672 1153 1731 66
1176 1673 1226 1731 ubi
1248 1673 1285 1730 de
1303 1683 1454 1749 puteorum
1475 1692 1551 1732 scro-
1570 1656 1705 1714 P⁰t⁰⁰f¹¹m

220 1776 300 1834 bibas
328 1773 461 1851 loquitur
486 1781 516 1830 et
543 1772 685 1830 XXXIV
706 1772 739 1847 2)
770 1780 799 1831 et
822 1770 1033 1848 Strabone¹)
1061 1774 1196 1832 testibus.
1240 1776 1367 1834 Miratur
1394 1775 1447 1833 ille
1474 1733 1705 1851 (sivesiiwim'

219 1878 320 1956 potius
343 1877 369 1934 is
392 1894 481 1951 quem
504 1875 640 1951 sequitur
662 1884 775 1945 auctor,
797 1883 869 1949 puto
892 1872 1049 1933 Cornelius
1070 1875 1224 1952 Bocchus)
1251 1878 1345 1936 adbuc
1362 1897 1418 1953 per
1439 1878 1551 1953 Hispa·
1572 1831 1691 1948 prqrgruqq

219 1983 284 2038 aiae
307 1979 343 2037 ab
365 1977 532 2037 Hannibale
552 1977 698 2036 innodatos
720 1978 827 2035 durare
843 1987 946 2051 puteos
973 1976 1130 2052 (XXXIII
1153 1976 1217 2052 96).
1260 1980 1366 2055 Itaque
1393 1980 1424 2037 in
1452 1981 1550 2056 puteis

220 2080 397 2139 effodiendis
420 2098 514 2157 aequo
537 2088 627 2155 atque
648 2080 679 2136 in
701 2079 827 2137 scauriis
848 2078 1012 2154 purgandis
1027 2079 1151 2155 pulvere
1173 2080 1303 2138 lavando
1326 2083 1412 2140 testis
1434 2092 1550 2140 rutran·

219 2184 266 2243 dis
292 2182 445 2259 lapidibus
473 2181 631 2240 caedendis
659 2200 781 2257 operam
803 2180 936 2257 ipsorum
965 2180 1152 2240 metallorum
1182 2182 1354 2256 primariam
1377 2186 1551 2259 constit-isse

220 2285 378 2363 probabile
399 2290 454 2343 cst.
500 2282 560 2343 Sed
582 2284 685 2341 eadem
708 2283 904 2341 conductione
926 2282 1038 2340 metalli
1060 2283 1150 2341 etiam
1173 2284 1219 2342 ius
1242 2286 1449 2344 continebatur
1469 2288 1550 2364 putei

219 2386 394 2458 effodiendi,
420 2386 452 2444 id
478 2385 559 2460 quod
586 2404 624 2442 ex
651 2385 755 2442 ultimo
784 2385 872 2443 huius
900 2384 976 2460 legis
1004 2385 1110 2462 capite,
1143 2385 1224 2461 quod
1251 2388 1370 2462 quidem
1399 2399 1549 2447 servatum

219 2497 276 2560 est,
303 2488 455 2548 discimus.
498 2487 625 2545 Videtur
651 2497 748 2543 autem
770 2504 819 2545 res
843 2486 981 2545 similiter
1003 2495 1092 2562 atque
1119 2488 1149 2544 in
1175 2488 1301 2547 scauriis
1323 2491 1487 2550 tractandis
1508 2491 1550 2548 ita

217 2591 314 2651 fuisse
346 2590 491 2660 instituta,
525 2600 556 2647 ut
589 2587 787 2647 conductores
816 2588 905 2646 huius
937 2588 1101 2664 vectigalis,
1133 2607 1314 2665 quamquam
1343 2600 1373 2648 et
1398 2592 1457 2669 ipsi
1485 2593 1550 2650 aine

218 2692 309 2751 dubio
334 2699 491 2768 puteorum
519 2689 754 2749 effodiendorum
785 2691 832 2748 ius
865 2690 1032 2748 habuerunt
1063 2708 1178 2766 proque
1211 2709 1247 2748 eo
1278 2692 1342 2749 iuro
1374 2693 1549 2767 pensionem

217 2795 404 2873 procuratori
426 2792 614 2852 metallorum
638 2791 803 2863 solvebant,
829 2799 928 2849 tamen
955 2792 1132 2869 plerumque
1159 2811 1219 2851 non
1247 2795 1307 2870 ipsi
1334 2813 1370 2852 eo
1397 2795 1460 2852 iure
1486 2802 1548 2853 ute·

217 2906 333 2968 rentur,
362 2895 415 2954 sed
438 2914 452 2952 e
474 2895 533 2971 laps
558 2894 681 2953 metallis
709 2895 785 2952 dicta
811 2893 853 2968 (v.
870 2893 924 2969 59)
951 2894 1019 2951 aliis
1047 2913 1166 2971 quoque
1188 2904 1294 2971 puteos
1320 2895 1480 2956 effodiendi
1501 2896 1548 2955 ius

217 3007 298 3058 esset
324 2997 414 3056 certis
441 2996 675 3056 condicionibus.
723 2994 789 3053 Lex
815 2995 868 3053 illa
893 2996 1023 3055 metallis
1057 2996 1135 3055 dicta
1163 3004 1263 3056 utrum
1292 3000 1366 3057 haec
1392 3000 1460 3075 ipsa
1487 3018 1548 3057 me·

216 3101 291 3160 tallo
320 3097 498 3176 Vipascensi
526 3098 605 3156 dicta
632 3098 731 3156 sitan
758 3097 818 3155 alia
845 3098 991 3173 quaedam
1024 3099 1215 3171 universalis,
1247 3118 1325 3175 quac
1358 3100 1395 3159 ad
1428 3101 1550 3159 metalla

216 3202 319 3261 omnia
348 3196 533 3278 pertinebat,
566 3200 694 3258 dubitari
727 3207 840 3274 potest3
879 3200 1102 3259 Mommseno
1134 3201 1206 3273 hoc,
1243 3203 1315 3260 mihi
1347 3202 1420 3260 illud
1452 3204 1547 3279 magis

214 3304 368 3383 probatur.
411 3301 566 3361 Metallum
595 3302 674 3360 enim
707 3302 764 3360 hoc
793 3300 981 3378 Vipascense
1009 3302 1098 3360 etiam
1131 3303 1241 3380 plurali
1274 3322 1398 3363 numero
1427 3304 1548 3363 metalla

215 3407 275 3466 dici
307 3405 443 3483 potuisse
476 3422 570 3480 supra
601 3404 738 3463 vidimus.
789 3403 837 3461 Ex
870 3406 927 3462 hac
958 3410 1057 3463 autem
1090 3405 1158 3482 lege
1190 3404 1400 3481 qualicumque
1432 3407 1547 3465 unicui-

214 3526 273 3586 que
297 3508 407 3567 licebat
433 3506 512 3565 intra
538 3506 613 3565 fines
641 3507 730 3565 huius
752 3506 866 3566 metalli
888 3506 1018 3582 [pateam
1040 3506 1198 3583 toraquaa
1215 3511 1297 3582 patei
1322 3507 1378 3583 (ita
1399 3508 1546 3585 supplevi,

214 3628 405 3688 aequavero
428 3609 503 3668 satis
531 3607 727 3679 confidentem
754 3609 960 3684 expectaveris
987 3608 1091 3668 saltem
1123 3609 1256 3686 lecaraco)
1285 3628 1431 3686 usurpare
1458 3629 1546 3668 occu-

213 3732 326 3792 pareve
351 3712 425 3770 iuris
455 3710 603 3770 retinendi
630 3728 737 3782 causa,
767 3710 837 3768 dum
863 3710 953 3769 modo
986 3711 1064 3769 intra
1092 3719 1205 3769 certum
1239 3713 1383 3789 temporis
1417 3713 1546 3789 spatium

215 3815 314 3893 (bidui
341 3814 481 3886 fortasse,
508 3831 574 3871 cum
596 3831 614 3870 s
635 3812 737 3869 littera
763 3813 885 3870 insere
915 3822 1033 3870 servata
1055 3813 1106 3870 vix
1129 3812 1209 3870 aliud
1232 3814 1471 3888 supplementum
1494 3832 1547 3888 pa·

213 3918 319 3994 tiatur)
341 3916 420 3994 apud
443 3916 655 3974 conductorem
677 3914 766 3972 huius
789 3913 943 3989 vectigalis
965 3930 1069 3971 servos
1091 3914 1383 3988 mercennariosque,
1409 3931 1484 3988 quos
1508 3916 1546 3972 ad

213 4027 337 4099 puteum
363 4017 561 4079 effodiendum
587 4015 713 4086 miserit,
742 4016 919 4091 profiteatur
947 4014 1182 4090 conductorique
1210 4034 1265 4092 pro
1294 4014 1440 4091 operariis
1472 4023 1545 4092 puto

214 4122 342 4200 singulis
368 4120 542 4197 pensionem
574 4126 756 4177 menstruam
784 4118 891 4177 solvat.
935 4113 1001 4175 Hoc
1028 4125 1075 4175 est
1100 4116 1182 4193 quod
1209 4135 1301 4194 supra
1332 4117 1460 4175 vidimus
1486 4118 1544 4175 dici

214 4234 323 4304 puteos
359 4242 378 4280 a
413 4230 608 4298 procuratore
643 4239 756 4291 emere,
799 4220 913 4279 scilicet
947 4219 1118 4278 tractandos
1155 4218 1401 4294 effodiendosque
1436 4238 1544 4277 emcrc.

214 4325 380 4401 Quaeritur
406 4323 615 4400 usurpationes
643 4322 713 4382 illae
739 4323 944 4398 emptionesve
970 4333 1127 4397 puteorum
1154 4322 1258 4380 curin
1280 4322 1348 4397 ipsa
1368 4321 1476 4398 capitis
1498 4320 1544 4378 in-

214 4427 374 4505 scriptione
406 4425 544 4483 dicantur
575 4425 787 4501 pittaciarium.
851 4424 1061 4496 Pittacium,
1098 4425 1178 4500 quod
1211 4423 1389 4483 vocabulum
1421 4442 1493 4480 num
1525 4441 1545 4480 a

214 4528 333 4591 Graeco
352 4519 451 4587 τύκτιτ
467 4536 549 4587 recte
572 4527 723 4586 derivetur
744 4527 858 4597 dubito,
881 4547 948 4586 cum
969 4527 1035 4604 pice
1056 4536 1156 4585 autem
1179 4527 1334 4602 aliquanto
1355 4524 1542 4601 probabilius

211 4632 330 4693 videtur
356 4630 496 4706 componi
525 4647 626 4707 posse,
654 4630 809 4706 pittacium
836 4629 927 4707 igitur
955 4629 1128 4688 schedulam
1160 4629 1337 4705 inscriptam
1367 4627 1542 4703 plerumque

287 4974 311 5038 ¹)
349 4976 380 5026 Ia
393 4991 413 5025 s.
427 4992 447 5025 s.
468 4992 492 5041 p.
506 4975 557 5025 146
574 4974 595 5025 C
615 4961 761 5046 ύχρυσύς.
778 4970 901 5042 ,σύρεται
920 4971 960 5023 καὶ
979 4970 1097 5025 πλύνεται
1112 5005 1119 5020 .
1136 5007 1143 5021 .
1160 5011 1166 5036 ,
1186 4965 1200 5036 ἢ
1221 4962 1350 5040 ὀρύττεται
1369 4967 1456 5042 ψρύιιρ,
1478 4965 1493 5036 ἦ
1514 4968 1542 5021 dl

209 5058 383 5138 ιῖαενιχθεῖσα
401 5065 433 5136 il
451 5056 568 5117 πλύνιται
583 5101 588 5114 .
603 5055 647 5123 acic
667 5063 694 5116 dl
712 5063 757 5116 τού
775 5053 884 5136 ἀργύρου
896 5061 1012 5133 ααμύιαυς
1025 5063 1138 5115 τοιαύταν
1152 5056 1267 5130 ύψηλύς.
1284 5101 1291 5115 .
1308 5101 1314 5113 .
1331 5063 1414 5115 striis
1428 5061 1456 5113 dl
1469 5066 1540 5133 χαλ.

207 5154 337 5228 κουρριύων
350 5147 407 5209 τινύ
421 5160 537 5208 καλεῖται
549 5162 670 5230 χρυσιῖα,
686 5157 714 5225 ὄξ
728 5146 758 5209 ὧν
771 5154 943 5229 τεκμαίρονται
956 5149 1056 5228 χρυσύν
1069 5155 1097 5225 ll}
1110 5152 1188 5209 αύτύν
1201 5147 1355 5228 ὀρύττεσθαι
1367 5146 1493 5226 πρύτερον.
