3510 5812
725 480 1045 534 unrrsuurcaavu.
1483 469 1552 537 145

265 650 387 730 Optime
410 662 507 711 autem
530 653 608 712 idem
632 652 725 713 (loote
747 656 872 713 meritus
901 666 946 715 est
967 656 1003 714 de
1025 657 1273 732 interpretatione
1295 667 1553 716 monumentorum

223 754 400 831 exiguarum
426 774 524 832 neque
551 777 619 815 vere
643 757 889 833 spernendorum.
930 756 1055 817 Collatis
1078 760 1157 817 eninr
1180 760 1401 818 narrationibus
1424 761 1455 817 in
1478 780 1555 818 mar-

220 864 323 934 tyrum
345 858 420 916 actis
443 858 536 933 (Acta
557 861 675 918 sincera
701 861 747 919 ed.
771 861 901 918 Ruinart
927 861 972 918 ed.
995 861 1027 917 ll
1050 861 1214 919 Amstelod.
1242 862 1320 920 1713
1349 884 1378 939 p.
1394 862 1469 937 300)
1493 881 1554 922 ser·

220 960 309 1028 vatis,
332 961 424 1018 veluti
447 961 478 1018 in
501 962 576 1020 actis
600 962 808 1020 Maxinrilliani
831 983 857 1018 a.
876 962 945 1033 295,
969 963 1091 1038 plumba
1113 984 1149 1022 ea
1170 982 1237 1022 esse
1259 964 1477 1023 demonstravit
1491 967 1554 1023 sive

219 1063 390 1139 signacula,
415 1081 493 1139 quae
515 1065 626 1122 milites
649 1083 715 1122 cum
740 1065 777 1122 ad
800 1076 1018 1123 sacramentum
1041 1067 1235 1144 adigebantur
1257 1067 1443 1140 accipiebant
1464 1076 1554 1143 atque

221 1164 328 1223 deinde
351 1167 510 1240 portabant
531 1166 609 1224 collo
632 1183 790 1243 suspensa,
816 1167 929 1225 scilicet
951 1175 984 1226 ut
1000 1187 1065 1226 cum
1082 1170 1260 1227 sacramenti
1276 1168 1447 1227 testimonio
1463 1171 1553 1227 etiam

221 1268 378 1326 cuiusnam
400 1269 514 1325 numeri
538 1269 600 1326 sint
622 1268 729 1344 sigillis
752 1269 818 1327 istis
841 1269 1053 1328 declararetur.
1098 1270 1230 1329 Nomina
1250 1271 1341 1347 igitur
1362 1291 1552 1329 numerorum

222 1369 292 1428 inde
314 1370 376 1429 fere
398 1370 559 1429 assecula
581 1371 670 1429 tertio
693 1371 790 1429 medio
813 1373 856 1430 cis
879 1372 1024 1446 inscripta
1046 1373 1183 1431 videntur
1204 1391 1281 1432 esse.
1321 1374 1426 1449 Itaque
1449 1384 1553 1449 optan-

222 1471 293 1530 dum
316 1479 362 1530 cst
376 1490 466 1548 quam
482 1474 622 1543 maxime,
645 1483 678 1530 ut
696 1481 835 1531 accurata
853 1474 984 1531 omnium
1007 1475 1071 1533 eius
1091 1476 1209 1552 generis
1233 1485 1414 1534 tesserarum
1437 1476 1553 1553 sylloge

221 1583 345 1650 paretur
365 1587 395 1632 ct
417 1575 522 1633 edatur
544 1596 562 1633 a
584 1576 680 1634 doctis
702 1576 867 1634 Britannia.
912 1576 1010 1649 Extra
1032 1576 1216 1635 Britanniam
1240 1597 1296 1657 ego
1323 1579 1437 1636 frustra
1458 1578 1554 1636 adhuc

222 1677 335 1735 similis
356 1677 573 1754 circumspexi3
595 1679 647 1753 qui
669 1697 856 1736 nummorum
880 1687 1012 1736 veterum
1036 1680 1192 1739 thesauros
1215 1690 1336 1738 servant
1358 1701 1396 1738 ex
1418 1681 1553 1757 plumbo-

221 1797 288 1838 rum
314 1797 438 1838 numero
467 1789 569 1856 spreto
595 1781 626 1837 in
654 1781 825 1839 universum
854 1789 884 1839 et
911 1781 941 1839 in
970 1782 1080 1840 ultimis
1107 1800 1277 1841 muscarum
1306 1782 1424 1859 angulis
1451 1783 1552 1840 abdito

220 1881 350 1941 fortasse
373 1881 485 1941 similia
506 1900 643 1958 promere
665 1890 813 1960 poterunt.

220 2090 287 2152 12⁹
310 2092 379 2167 (ins.
403 2093 645 2169 postulata).
690 2094 820 2154 Eboraci
841 2094 871 2152 in
895 2095 1107 2153 effossionibus
1136 2095 1200 2154 viae
1222 2096 1336 2154 ferreae
1359 2115 1386 2152 a.
1405 2095 1483 2154 1873
1507 2116 1552 2153 re-

263 2205 379 2272 pertum
396 2205 443 2253 est
464 2195 595 2272 sigillum
618 2197 800 2272 plumbeum,
823 2197 904 2273 quod
925 2198 1086 2256 secundum
1109 2197 1228 2255 titulum
1250 2197 1427 2274 inscriptum
1444 2197 1481 2254 ad
1497 2198 1552 2256 mi-

263 2297 346 2357 litem
368 2298 499 2374 aliquem
521 2299 649 2376 legionis
673 2319 768 2358 nonae
789 2300 969 2377 pertinuisse
991 2299 1124 2358 credunt.

219 2398 246 2459 I.
269 2398 388 2458 Raine
410 2401 565 2477 catalogus
588 2402 682 2459 musei
705 2402 906 2461 Eburacensis
928 2402 974 2460 ed.
999 2401 1042 2459 Vl
1068 2402 1145 2461 1875
1168 2421 1197 2476 p.
1215 2402 1292 2461 97η.

263 2501 397 2561 Titulum
420 2521 480 2561 non
503 2503 665 2579 adscripsit
687 2504 796 2574 editor3
825 2505 850 2561 si
872 2514 952 2563 recte
974 2504 1069 2562 lectus
1092 2514 1147 2573 cst,
1175 2504 1293 2563 videtur
1319 2504 1472 2580 plumbum
1495 2505 1551 2562 hoc

219 2622 288 2664 esse
310 2604 552 2681 antiquissimum
576 2606 641 2664 eius
656 2607 781 2682 generis,
804 2606 887 2664 cuius
902 2606 1039 2681 exempla
1055 2606 1150 2688 adbuc
1166 2614 1238 2664 nota
1252 2606 1405 2682 composui
1423 2607 1481 2663 vol.
1493 2606 1551 2664 Vll

222 2704 312 2765 1269.

218 2914 287 2977 130
311 2916 658 2995 (ins.postn.1294a).
702 2918 736 2975 In
759 2936 834 2976 ansa
856 2918 982 2995 patellae
1005 2937 1109 2976 aereae
1132 2937 1194 2994 rep.
1217 2918 1248 2976 in
1268 2916 1434 2976 Caledonia
1456 2939 1549 2996 prope

261 3019 410 3096 Alerqele,
431 3020 648 3111 Denliplallrc.

780 3210 819 3252 CA
836 3237 963 3253 ......
974 3213 995 3253 V

779 3312 863 3355 LVAM
875 3326 882 3340 ·
896 3311 956 3354 NVS
979 3313 995 3354 F

262 3521 301 3581 H.
324 3522 360 3580 s.
384 3519 499 3581 Smith
520 3521 707 3597 proceadiaqs
734 3523 769 3595 of
790 3520 835 3578 tlte
857 3521 971 3577 historie
997 3538 1052 3578 soc.
1076 3524 1110 3596 os
1127 3518 1311 3579 Lancaslu're
1333 3523 1393 3579 aad
1417 3520 1550 3581 Cleslire

220 3642 278 3684 ser.
294 3624 324 3682 II
347 3624 406 3682 vol.
423 3623 440 3682 9
464 3642 492 3698 p.
510 3621 548 3679 25
571 3622 656 3696 (inde
672 3622 720 3679 W.
738 3621 794 3679 Th.
811 3621 952 3679 Watkin
975 3622 1119 3681 orclaeol.
1129 3624 1228 3695 joura.
1253 3624 1302 3694 31,
1322 3625 1400 3682 1874
1422 3645 1451 3700 p.
1464 3624 1548 3699 354).

218 3831 278 3892 1³1
299 3832 370 3907 (ins.
386 3842 456 3909 post
477 3853 505 3889 n.
525 3830 652 3905 itala).
697 3831 733 3888 ln
756 3848 830 3888 ansa
853 3830 982 3905 patellae
1005 3849 1109 3888 aereae
1132 3850 1194 3906 rep.
1216 3831 1337 3891 saeculo
1360 3834 1496 3907 proximo
1519 3834 1548 3890 in

261 3934 352 3992 fluvio
374 3933 536 3992 Witlram.

816 4086 952 4128 0an

261 4293 478 4370 Philosoplical
492 4297 692 4362 transactione,
707 4292 847 4368 obridped
861 4294 963 4351 edition
980 4293 1039 4350 vol.
1055 4293 1091 4351 18
1114 4311 1143 4368 p.
1160 4294 1198 4351 39
1218 4292 1299 4368 (inde
1315 4295 1364 4352 W.
1381 4294 1438 4352 Th.
1455 4295 1548 4352 Wat·

220 4396 282 4453 kin
304 4395 445 4455 arolaeol.
463 4397 562 4470 joam.
587 4396 637 4465 31,
663 4394 741 4451 1874
764 4413 792 4469 p.
811 4393 894 4468 354).

219 4603 284 4663 132
307 4605 376 4680 (ius.
401 4617 468 4680 post
489 4625 518 4662 n.
534 4603 637 4678 1298).
681 4603 720 4661 Aa
739 4602 830 4660 Wood
842 4604 948 4675 Eaton,
976 4604 1173 4679 Oasordsla're,
1195 4624 1213 4660 a
1230 4605 1334 4661 brolcen
1350 4605 1546 4680 picceostlu’a

260 4707 353 4777 metat,
374 4707 505 4783 stampcd
525 4706 592 4764 culti
616 4706 660 4763 tlle
683 4705 773 4764 lettera

854 4860 915 4903 EDO

261 5053 299 5112 R.
321 5052 467 5129 Hussey
489 5064 606 5112 account
629 5057 663 5129 of
681 5054 725 5111 tle
746 5055 855 5111 Roman
878 5055 952 5111 rood
966 5056 1044 5127 srom
1069 5053 1228 5111 Allcleater
1249 5063 1275 5110 to
1297 5054 1470 5111 Dorclrester
1492 5062 1546 5111 ete.

220 5154 355 5231 (Oxiord
375 5157 449 5215 1841
469 5156 514 5231 8.)
529 5175 557 5232 p.
573 5155 610 5212 38
627 5155 765 5230 (inch.
779 5156 985 5213 Th.Watl‹in
1001 5155 1249 5228 arctaratjourn.
1264 5156 1312 5226 31,
1329 5154 1405 5212 1874
1421 5176 1448 5232 p.
1460 5155 1545 5230 357).
