3510 5812
602 583 678 634 Lux
703 582 869 635 murnum
894 579 1147 634 vrrsscsusrs.
1470 561 1540 633 183

207 752 440 831 lapicidinarum
473 775 539 815 cum
572 756 703 815 metallis
737 755 961 815 similitudinem
994 756 1051 813 hoc
1081 755 1178 831 capite
1207 754 1419 831 comprehendi
1450 772 1543 831 supra

209 854 284 913 dixi.
328 854 449 916 Scilicet
475 864 594 934 praeter
620 860 720 935 ipsum
747 876 824 934 opus
854 857 1079 933 lapidariorum,
1107 858 1158 933 qui
1181 856 1297 933 lapides
1319 857 1481 932 quadratos
1504 855 1542 911 ad

209 956 427 1017 aedificandum
452 959 617 1019 destinatos
638 960 802 1019 caedebant
822 968 874 1017 aut
892 959 984 1017 veluti
1007 968 1138 1018 sectores
1162 961 1282 1018 serrarii
1297 959 1476 1018 Italicenses
1500 957 1543 1015 illi

210 1056 263 1134 (O.
278 1059 302 1116 I.
316 1059 351 1117 L.
365 1060 398 1119 II
416 1062 494 1121 1131
511 1061 604 1138 1132)
632 1063 784 1134 secabant,
806 1062 922 1138 lapides
938 1061 987 1120 vel
1002 1063 1139 1120 minutim
1155 1062 1204 1119 vel
1225 1062 1256 1119 in
1272 1071 1393 1120 truncos
1408 1079 1468 1118 non
1483 1059 1544 1117 lae·

210 1160 328 1238 rigatos
349 1163 427 1221 caesi
451 1164 488 1222 ad
505 1164 569 1223 vias
592 1164 768 1224 sternendas
783 1164 1014 1241 pavimentaque
1035 1163 1171 1222 facienda
1185 1164 1321 1241 usurpati
1344 1163 1522 1221 indicantur.

295 1261 357 1336 Qui
375 1270 509 1324 scaurias
524 1273 652 1325 tractare
666 1267 770 1326 volent
785 1266 874 1342 quive
889 1265 925 1324 ad
941 1284 977 1323 ea
992 1284 1084 1342 opera
1099 1265 1237 1324 facienda
1253 1282 1358 1324 servos
1374 1283 1544 1323 mercenna-

210 1364 331 1441 riosque
354 1367 398 1442 (id
420 1375 466 1426 est
487 1385 597 1443 operas
619 1369 779 1445 ingenuas)
801 1370 929 1439 mittant,
953 1377 986 1426 ut
1006 1367 1056 1425 lex
1078 1367 1210 1442 loquitur
1232 1387 1260 1426 v.
1276 1367 1328 1439 49,
1349 1368 1372 1424 ii
1393 1366 1473 1424 intra
1494 1367 1544 1422 tri·

210 1459 301 1527 duum
322 1469 403 1544 apud
421 1469 633 1529 conductorem
653 1470 765 1529 metalli
785 1487 818 1529 se
838 1472 896 1528 lroc
913 1471 1047 1529 facturos
1067 1487 1136 1527 esse
1157 1469 1291 1545 profiteri
1310 1468 1545 1543 conductorique

211 1587 268 1645 pro
283 1570 428 1648 operariis
450 1571 580 1649 siugulis
602 1575 778 1649 pensionem
796 1582 980 1632 menstruam
1002 1572 1120 1648 aliquot
1142 1570 1295 1630 denarium
1319 1570 1450 1645 (summa
1471 1570 1545 1627 haec

211 1670 244 1729 in
269 1671 378 1732 lacuna
403 1672 529 1751 interiit)
555 1675 675 1734 solvere
701 1675 819 1734 debent.
864 1672 1043 1751 Comparari
1070 1674 1200 1733 sortasse
1222 1683 1324 1750 potest
1346 1673 1494 1731 dedicatio
1516 1672 1545 1728 in

212 1772 370 1834 Lusitania
391 1784 510 1850 reperta
531 1785 561 1834 et
581 1795 601 1834 a
621 1797 669 1835 me
691 1777 772 1836 edita
793 1775 843 1852 (C.
859 1778 885 1834 1.
900 1775 936 1836 L.
953 1777 986 1834 11
1007 1797 1036 1854 p.
1052 1775 1109 1852 Ll)
1131 1776 1262 1835 hominis
1285 1776 1414 1835 alicuius
1436 1774 1546 1852 privati

212 1877 248 1935 ob
268 1877 397 1954 repe[rtu
418 1877 500 1953 u]urt
516 1878 643 1955 p(ondo)
669 1878 772 1951 CXX3
795 1879 856 1937 nisi
877 1879 919 1937 ibi
941 1878 978 1937 de
1000 1878 1143 1938 thesauro
1165 1881 1287 1937 invento
1310 1877 1452 1954 agitur¹).

296 1978 364 2038 Hac
384 1979 474 2056 igitur
494 1997 587 2057 opera
605 1981 852 2040 Mommsenus
874 1982 1001 2058 putabat
1022 1980 1167 2038 contineri
1189 1979 1289 2055 ipsum
1312 1997 1389 2056 opus
1411 1979 1547 2038 metallo·

211 2100 281 2141 rum
295 2080 541 2140 effodiendomm.
566 2079 689 2142 Scilicet
702 2083 824 2142 licuisse
839 2083 1000 2159 unicuique
1015 2099 1119 2141 servos
1135 2081 1414 2157 mercennariosque
1430 2081 1547 2140 mittere

213 2182 253 2241 ad
272 2192 394 2261 puteum
416 2183 634 2243 instituendum
658 2186 842 2245 scauriarum
865 2184 1116 2244 extrahendorum
1138 2201 1230 2243 causa
1251 2183 1424 2259 lapidumve
1445 2201 1548 2242 caesu-

212 2303 289 2357 ram,
311 2285 401 2344 modo
422 2285 596 2345 conductori
619 2306 774 2346 numerum
796 2289 950 2347 hominum
977 2295 1057 2345 recte
1083 2286 1192 2359 ederet,
1222 2287 1398 2357 mercedem,
1426 2287 1463 2344 de
1489 2303 1549 2361 qua

211 2387 256 2448 ibi
277 2397 397 2447 cautum
412 2398 469 2459 est,
493 2390 633 2462 solveret,
655 2391 777 2449 omnino
797 2409 873 2466 quae
895 2391 953 2447 hac
975 2389 1041 2468 lege
1060 2388 1228 2466 perscripta
1250 2397 1320 2447 sunt
1341 2396 1421 2447 recte
1444 2388 1547 2445 obser·

212 2498 307 2549 caret.
350 2489 432 2549 Fieri
453 2490 600 2566 potuisse,
628 2500 661 2549 ut
687 2492 850 2550 conductor
877 2499 992 2568 partem
1021 2491 1121 2567 operis
1149 2491 1216 2568 ipse
1241 2490 1405 2567 perliceret,
1434 2490 1548 2549 scilicet

213 2600 336 2668 puteum
362 2593 536 2667 primarium
563 2594 744 2666 institueret,
766 2612 825 2670 quo
853 2611 927 2653 casu
949 2593 1085 2653 mercede
1108 2594 1146 2651 ab
1168 2610 1326 2668 operarum
1349 2591 1467 2650 nornine
1490 2592 1548 2649 sol-

215 2693 314 2753 venda
333 2710 393 2751 non
416 2703 532 2753 tantum
554 2715 610 2773 pro
632 2696 840 2755 conductionis
863 2713 989 2768 summa,
1012 2695 1064 2754 sed
1088 2696 1177 2753 etiam
1199 2712 1254 2769 pro
1277 2694 1421 2770 impensis
1443 2692 1504 2752 illis
1520 2693 1547 2749 ei

216 2795 461 2854 sufisiaciendum
489 2807 561 2856 erat.
605 2797 671 2856 Nec
694 2816 765 2857 saue
787 2798 970 2875 prohibitum
997 2798 1091 2857 fuisse
1113 2796 1333 2867 conductorem,
1360 2813 1419 2870 quo
1448 2795 1548 2853 minus

214 2896 283 2974 ipse
305 2916 425 2975 quoque
445 2917 500 2974 per
522 2899 678 2975 operarios
701 2919 773 2959 suos
796 2901 929 2959 scaurias
952 2901 1124 2959 extraheret
1145 2898 1300 2974 lapidesue
1315 2896 1466 2968 caederet3
1488 2915 1547 2972 quo

214 2998 295 3058 facto
315 3000 482 3059 mercedem
504 3001 617 3059 nullam
638 3002 665 3059 ei
688 3003 863 3061 solvendam
886 3003 989 3061 fuisse.
1036 3001 1095 3062 Sed
1112 3010 1248 3059 neutrum
1271 3007 1305 3058 ut
1326 3008 1461 3057 sumatur
1480 2999 1550 3073 ipsa

215 3120 250 3160 re
275 3102 402 3178 requiri3
429 3104 520 3161 immo
547 3104 643 3179 magis
665 3104 766 3163 officia
791 3105 835 3162 ita
861 3106 973 3181 partita
999 3104 1093 3163 fuisse
1116 3103 1220 3175 videri,
1249 3108 1283 3159 nt
1303 3100 1467 3159 conductor
1493 3100 1549 3158 soli

214 3212 332 3263 tantum
364 3222 450 3263 usum
483 3205 649 3282 praeberet,
685 3207 873 3266 metallarius
911 3214 1010 3266 autem
1042 3225 1097 3283 per
1133 3221 1237 3264 servos
1270 3203 1550 3277 mercennariosque

215 3314 325 3382 puteos
346 3305 532 3366 effodiendus
554 3316 584 3365 et
605 3309 739 3368 scaurias
761 3308 962 3368 extrahendas
985 3307 1215 3385 purgandasque
1236 3313 1364 3364 curaret.

301 3407 517 3468 Observandus
538 3410 570 3467 in
591 3410 650 3468 hoc
672 3412 770 3488 capite
792 3412 971 3470 coniunctivi
994 3427 1067 3469 usus
1090 3409 1295 3486 (profiteantur
1310 3417 1336 3466 et
1350 3406 1476 3482 sulcant)
1495 3425 1549 3483 pro

216 3508 403 3586 imperativo,
427 3530 516 3588 quem
538 3511 588 3569 hic
609 3512 657 3587 (ut
671 3533 699 3572 v.
716 3512 770 3588 60)
792 3520 988 3589 expectamus
1012 3513 1159 3589 (profiteri
1173 3512 1302 3581 debeam
1323 3527 1494 3586 quanquam
1513 3529 1550 3566 ne

217 3610 344 3671 debendi
372 3612 491 3689 quidem
518 3614 697 3673 vocabulum
725 3616 925 3674 severioribus
953 3615 1074 3692 linguae
1101 3614 1218 3691 legibus
1247 3613 1320 3672 satis
1348 3611 1443 3687 iacit).
1488 3610 1551 3669 Vix

218 3723 318 3773 autem
345 3716 549 3775 coniunctivus
577 3715 627 3775 ille
656 3718 847 3777 excusabitur
873 3737 908 3776 eo
935 3718 1017 3793 quod
1043 3716 1178 3792 sequitur
1204 3718 1235 3773 ni
1257 3718 1299 3773 ita
1314 3715 1446 3789 securint.
1489 3711 1551 3770 Ne-

218 3834 277 3893 que
299 3816 380 3875 enim
403 3818 583 3877 credendum
605 3826 651 3876 est
664 3818 796 3877 voluisse
817 3821 860 3876 ita
880 3828 1104 3894 procuratorem
1121 3816 1311 3875 metallorum
1334 3815 1419 3891 quasi
1442 3815 1550 3872 exhor-

217 3917 276 3976 tari
297 3918 375 3978 alios
397 3927 516 3995 praeter
536 3921 748 3979 conductorem
770 3929 802 3978 ut
823 3919 889 3979 eius
910 3919 991 3978 modi
1013 3937 1106 3997 opera
1128 3918 1323 3994 susciperent.

302 4020 464 4081 Adduntur
488 4021 596 4081 deinde
622 4022 775 4081 cautiones
802 4021 889 4081 uliae.
932 4020 993 4095 Qui
1015 4020 1134 4080 aliunde
1162 4018 1252 4094 adria
1274 4022 1419 4095 argentiue
1440 4019 1549 4095 ru]tra-

217 4125 297 4181 minu
318 4121 361 4198 (v.
378 4122 432 4199 50)
453 4124 485 4182 in
506 4124 582 4183 fines
604 4124 793 4182 metallorum
816 4123 890 4199 (non
911 4123 1024 4183 metalli
1044 4120 1251 4199 Vipascensis,
1273 4130 1308 4179 ut
1329 4123 1549 4197 expectaveris)

218 4223 363 4296 intulerit,
396 4234 470 4302 puta
500 4235 535 4284 nt
565 4226 772 4303 purgationem
807 4225 991 4285 scauriarum
1017 4225 1117 4284 vicino
1142 4223 1244 4300 aliquo
1272 4223 1339 4280 locc
1371 4222 1549 4281 effossurum

218 4325 404 4385 commodius
433 4327 588 4403 perliceret
612 4329 643 4387 in
669 4329 792 4387 metallo
813 4327 1001 4405 Vipascensi,
1029 4327 1055 4386 is
1078 4327 1109 4386 in
1130 4325 1231 4403 pondo
1253 4333 1372 4384 centum
1395 4324 1550 4384 denarium

217 4447 310 4487 unum
330 4428 504 4487 conductori
526 4430 642 4489 solvere
668 4431 796 4490 iubetur.
839 4429 911 4490 Non
932 4429 1057 4488 multum
1078 4429 1171 4507 igitur
1196 4429 1275 4486 aeris
1303 4448 1341 4488 ex
1363 4431 1550 4485 scauriarum

218 4529 351 4607 pondere
377 4530 452 4590 satis
478 4532 585 4608 mandi
610 4532 729 4592 videtur
755 4541 921 4593 extractum
948 4550 1029 4604 esse;
1056 4539 1144 4608 atque
1170 4531 1312 4609 exiguam
1333 4538 1447 4588 tantum
1470 4546 1551 4588 sum·

218 4649 300 4691 mam
320 4631 495 4693 conductori
516 4634 644 4693 solutam
666 4653 734 4695 esse
756 4635 825 4695 inde
847 4653 966 4713 quoque
981 4635 1135 4712 explicare
1157 4632 1235 4703 licet,
1258 4641 1291 4691 ut
1304 4631 1550 4691 Mommsenua
1588 4661 1591 4665 ⁴

298 4902 323 4968 ¹)
359 4904 429 4957 Vide
446 4905 712 4961 Hirschfeldium
731 4907 749 4957 1.
762 4923 782 4958 a.
796 4923 817 4958 s.
837 4924 863 4973 p.
878 4906 920 4958 ⁷4.
961 4905 1033 4970 [Non
1052 4908 1163 4958 absimili
1182 4906 1283 4957 ratione
1302 4905 1484 4956 constitutione
1498 4904 1550 4956 Va·

220 4993 358 5047 lenumml
376 4997 540 5049 cavalcatis
557 4997 627 5063 (cod.
645 4998 835 5062 ruscumlo,
851 5001 894 5062 19,
910 5000 1117 5052 3=cod.1ust.
1134 5002 1176 5062 11,
1191 4997 1216 5061 ⁷,
1233 4998 1259 5060 1)
1283 4998 1424 5047 invitantur
1443 4997 1486 5062 qui
1507 5011 1550 5045 ro·

220 5084 276 5137 lent
298 5086 334 5139 ad
355 5100 449 5158 aurum
469 5088 562 5143 ubiubi
582 5090 589 5128 ¹
681 5104 722 5143 11
743 5090 782 5143 ui
803 5098 833 5143 ut
856 5092 901 5159 qai
922 5100 1008 5159 sponte
1033 5091 1197 5159 confluxerint
1220 5097 1321 5140 octonos
1345 5088 1471 5156 scriptulae
1495 5089 1550 5138 auri

220 5192 277 5230 Μ
291 5178 397 5247 pmii
412 5178 565 5248 M*
777 5198 811 5237 uo
827 5184 944 5252 pandant
962 5184 1005 5246 (cf.
1020 5186 1077 5236 cod.
1091 5183 1192 5236 Theod.
1207 5185 1250 5246 10,
1267 5184 1309 5246 19,
1326 5184 1359 5232 12
1370 5201 1404 5225 =
1416 5181 1472 5232 cod.
1487 5181 1550 5230 lust.

222 5270 268 5335 11,
281 5270 309 5334 7,
321 5270 350 5335 b)
368 5266 485 5339 still

1283 5361 1346 5426 13*
